%YAML 1.1
%TAG !u! tag:unity3d.com,2011:
--- !u!29 &1
OcclusionCullingSettings:
  m_ObjectHideFlags: 0
  serializedVersion: 2
  m_OcclusionBakeSettings:
    smallestOccluder: 5
    smallestHole: 0.25
    backfaceThreshold: 100
  m_SceneGUID: 00000000000000000000000000000000
  m_OcclusionCullingData: {fileID: 0}
--- !u!104 &2
RenderSettings:
  m_ObjectHideFlags: 0
  serializedVersion: 8
  m_Fog: 0
  m_FogColor: {r: 0.5, g: 0.5, b: 0.5, a: 1}
  m_FogMode: 3
  m_FogDensity: 0.01
  m_LinearFogStart: 0
  m_LinearFogEnd: 300
  m_AmbientSkyColor: {r: 0.2, g: 0.2, b: 0.2, a: 1}
  m_AmbientEquatorColor: {r: 0.2, g: 0.2, b: 0.2, a: 1}
  m_AmbientGroundColor: {r: 0.2, g: 0.2, b: 0.2, a: 1}
  m_AmbientIntensity: 1
  m_AmbientMode: 3
  m_SubtractiveShadowColor: {r: 0.42, g: 0.478, b: 0.627, a: 1}
  m_SkyboxMaterial: {fileID: 0}
  m_HaloStrength: 0.5
  m_FlareStrength: 1
  m_FlareFadeSpeed: 3
  m_HaloTexture: {fileID: 0}
  m_SpotCookie: {fileID: 10001, guid: 0000000000000000e000000000000000, type: 0}
  m_DefaultReflectionMode: 0
  m_DefaultReflectionResolution: 128
  m_ReflectionBounces: 1
  m_ReflectionIntensity: 1
  m_CustomReflection: {fileID: 0}
  m_Sun: {fileID: 0}
  m_IndirectSpecularColor: {r: 0, g: 0, b: 0, a: 1}
--- !u!157 &4
LightmapSettings:
  m_ObjectHideFlags: 0
  serializedVersion: 11
  m_GIWorkflowMode: 1
  m_GISettings:
    serializedVersion: 2
    m_BounceScale: 1
    m_IndirectOutputScale: 1
    m_AlbedoBoost: 1
    m_TemporalCoherenceThreshold: 1
    m_EnvironmentLightingMode: 0
    m_EnableBakedLightmaps: 1
    m_EnableRealtimeLightmaps: 0
  m_LightmapEditorSettings:
    serializedVersion: 9
    m_Resolution: 1
    m_BakeResolution: 50
    m_TextureWidth: 1024
    m_TextureHeight: 1024
    m_AO: 1
    m_AOMaxDistance: 1
    m_CompAOExponent: 1
    m_CompAOExponentDirect: 0
    m_Padding: 2
    m_LightmapParameters: {fileID: 0}
    m_LightmapsBakeMode: 1
    m_TextureCompression: 0
    m_FinalGather: 0
    m_FinalGatherFiltering: 1
    m_FinalGatherRayCount: 256
    m_ReflectionCompression: 2
    m_MixedBakeMode: 1
    m_BakeBackend: 0
    m_PVRSampling: 1
    m_PVRDirectSampleCount: 32
    m_PVRSampleCount: 500
    m_PVRBounces: 2
    m_PVRFilterTypeDirect: 0
    m_PVRFilterTypeIndirect: 0
    m_PVRFilterTypeAO: 0
    m_PVRFilteringMode: 0
    m_PVRCulling: 1
    m_PVRFilteringGaussRadiusDirect: 1
    m_PVRFilteringGaussRadiusIndirect: 5
    m_PVRFilteringGaussRadiusAO: 2
    m_PVRFilteringAtrousPositionSigmaDirect: 0.5
    m_PVRFilteringAtrousPositionSigmaIndirect: 2
    m_PVRFilteringAtrousPositionSigmaAO: 1
    m_ShowResolutionOverlay: 1
  m_LightingDataAsset: {fileID: 0}
  m_UseShadowmask: 0
--- !u!196 &5
NavMeshSettings:
  serializedVersion: 2
  m_ObjectHideFlags: 0
  m_BuildSettings:
    serializedVersion: 2
    agentTypeID: 0
    agentRadius: 0.5
    agentHeight: 2
    agentSlope: 45
    agentClimb: 0.4
    ledgeDropHeight: 0
    maxJumpAcrossDistance: 0
    minRegionArea: 2
    manualCellSize: 0
    cellSize: 0.16666666
    manualTileSize: 0
    tileSize: 256
    accuratePlacement: 0
    debug:
      m_Flags: 0
  m_NavMeshData: {fileID: 0}
--- !u!1 &7443925
GameObject:
  m_ObjectHideFlags: 0
  m_PrefabParentObject: {fileID: 100000, guid: 675cdc99b38296b4ab59fa1b907f6227, type: 2}
  m_PrefabInternal: {fileID: 800588068}
  serializedVersion: 5
  m_Component:
  - component: {fileID: 7443926}
  m_Layer: 0
  m_Name: MSH_Spine01
  m_TagString: Untagged
  m_Icon: {fileID: 0}
  m_NavMeshLayer: 0
  m_StaticEditorFlags: 0
  m_IsActive: 1
--- !u!4 &7443926
Transform:
  m_ObjectHideFlags: 0
  m_PrefabParentObject: {fileID: 400000, guid: 675cdc99b38296b4ab59fa1b907f6227, type: 2}
  m_PrefabInternal: {fileID: 800588068}
  m_GameObject: {fileID: 7443925}
  m_LocalRotation: {x: -0.5, y: 0.5, z: -0.50000006, w: 0.50000006}
  m_LocalPosition: {x: -0.000000023253424, y: -0.000000076293944, z: 0.00000007629397}
  m_LocalScale: {x: 1.0000001, y: 1, z: 1}
  m_Children:
  - {fileID: 1093774783}
  - {fileID: 484739276}
  - {fileID: 251752434}
  - {fileID: 1646232974}
  - {fileID: 680549087}
  - {fileID: 1809668589}
  m_Father: {fileID: 288138165}
  m_RootOrder: 0
  m_LocalEulerAnglesHint: {x: 0, y: 0, z: 0}
--- !u!1 &60079358
GameObject:
  m_ObjectHideFlags: 0
  m_PrefabParentObject: {fileID: 100004, guid: 675cdc99b38296b4ab59fa1b907f6227, type: 2}
  m_PrefabInternal: {fileID: 800588068}
  serializedVersion: 5
  m_Component:
  - component: {fileID: 60079359}
  m_Layer: 0
  m_Name: MSH_RKnee
  m_TagString: Untagged
  m_Icon: {fileID: 0}
  m_NavMeshLayer: 0
  m_StaticEditorFlags: 0
  m_IsActive: 1
--- !u!4 &60079359
Transform:
  m_ObjectHideFlags: 0
  m_PrefabParentObject: {fileID: 400004, guid: 675cdc99b38296b4ab59fa1b907f6227, type: 2}
  m_PrefabInternal: {fileID: 800588068}
  m_GameObject: {fileID: 60079358}
  m_LocalRotation: {x: -0.001253795, y: -0.00012303727, z: 0.042396832, w: 0.9991001}
  m_LocalPosition: {x: -0.3913952, y: 0.000000009536743, z: -0.0000001335144}
  m_LocalScale: {x: 1.0000002, y: 1.0000005, z: 1.0000004}
  m_Children:
  - {fileID: 1328888212}
  - {fileID: 1549865519}
  m_Father: {fileID: 1922847648}
  m_RootOrder: 1
  m_LocalEulerAnglesHint: {x: 0, y: 0, z: 0}
--- !u!1 &167807628
GameObject:
  m_ObjectHideFlags: 0
  m_PrefabParentObject: {fileID: 100006, guid: 675cdc99b38296b4ab59fa1b907f6227, type: 2}
  m_PrefabInternal: {fileID: 800588068}
  serializedVersion: 5
  m_Component:
  - component: {fileID: 167807629}
  - component: {fileID: 167807630}
  - component: {fileID: 167807631}
  m_Layer: 0
  m_Name: robot_01
  m_TagString: Untagged
  m_Icon: {fileID: 0}
  m_NavMeshLayer: 0
  m_StaticEditorFlags: 0
  m_IsActive: 1
--- !u!4 &167807629
Transform:
  m_ObjectHideFlags: 0
  m_PrefabParentObject: {fileID: 400006, guid: 675cdc99b38296b4ab59fa1b907f6227, type: 2}
  m_PrefabInternal: {fileID: 800588068}
  m_GameObject: {fileID: 167807628}
  m_LocalRotation: {x: 0, y: 0, z: 0, w: 1}
  m_LocalPosition: {x: 0, y: 0.00031465292, z: 0}
  m_LocalScale: {x: 1, y: 1, z: 1}
  m_Children:
  - {fileID: 1235700276}
  m_Father: {fileID: 0}
  m_RootOrder: 2
  m_LocalEulerAnglesHint: {x: 0, y: 0, z: 0}
--- !u!111 &167807630
Animation:
  m_ObjectHideFlags: 0
  m_PrefabParentObject: {fileID: 11100002, guid: 675cdc99b38296b4ab59fa1b907f6227,
    type: 2}
  m_PrefabInternal: {fileID: 800588068}
  m_GameObject: {fileID: 167807628}
  m_Enabled: 1
  serializedVersion: 3
  m_Animation: {fileID: 7400000, guid: 9771a6b07b412a24c8706f592138d95e, type: 2}
  m_Animations:
  - {fileID: 7400000, guid: 570646c06cd6c0a43b7e3d5c7b3b5ba3, type: 2}
  - {fileID: 7400000, guid: 9771a6b07b412a24c8706f592138d95e, type: 2}
  m_WrapMode: 0
  m_PlayAutomatically: 1
  m_AnimatePhysics: 0
  m_CullingType: 1
--- !u!114 &167807631
MonoBehaviour:
  m_ObjectHideFlags: 0
  m_PrefabParentObject: {fileID: 11400000, guid: 675cdc99b38296b4ab59fa1b907f6227,
    type: 2}
  m_PrefabInternal: {fileID: 800588068}
  m_GameObject: {fileID: 167807628}
  m_Enabled: 1
  m_EditorHideFlags: 0
  m_Script: {fileID: 11500000, guid: e03733e32e274744eb308d7b8f7b4699, type: 3}
  m_Name: 
  m_EditorClassIdentifier: 
  teamColor: {r: 1, g: 0.55862063, b: 0, a: 1}
  gunFire1: {fileID: 1830166119}
  gunFire2: {fileID: 1937367407}
  chasisIdle: {fileID: 7400000, guid: 570646c06cd6c0a43b7e3d5c7b3b5ba3, type: 2}
  bodyIdle: {fileID: 0}
  chasisRun: {fileID: 7400000, guid: 9771a6b07b412a24c8706f592138d95e, type: 2}
  bodyRun: {fileID: 7400000, guid: bd53937cd31a75c4aa5dbdc4578f673f, type: 2}
  ChildToControll: {fileID: 288138164}
--- !u!1 &251752433
GameObject:
  m_ObjectHideFlags: 0
  m_PrefabParentObject: {fileID: 100008, guid: 675cdc99b38296b4ab59fa1b907f6227, type: 2}
  m_PrefabInternal: {fileID: 800588068}
  serializedVersion: 5
  m_Component:
  - component: {fileID: 251752434}
  m_Layer: 0
  m_Name: MSH_LArm
  m_TagString: Untagged
  m_Icon: {fileID: 0}
  m_NavMeshLayer: 0
  m_StaticEditorFlags: 0
  m_IsActive: 1
--- !u!4 &251752434
Transform:
  m_ObjectHideFlags: 0
  m_PrefabParentObject: {fileID: 400008, guid: 675cdc99b38296b4ab59fa1b907f6227, type: 2}
  m_PrefabInternal: {fileID: 800588068}
  m_GameObject: {fileID: 251752433}
  m_LocalRotation: {x: 0.5813154, y: -0.40576956, z: 0.40540382, w: 0.5771232}
  m_LocalPosition: {x: -0.52398854, y: 0.044116087, z: -0.46705958}
  m_LocalScale: {x: 0.9999999, y: 0.9999999, z: 0.99999994}
  m_Children:
  - {fileID: 1397171853}
  - {fileID: 1425807249}
  m_Father: {fileID: 7443926}
  m_RootOrder: 2
  m_LocalEulerAnglesHint: {x: 0, y: 0, z: 0}
--- !u!1 &288138164
GameObject:
  m_ObjectHideFlags: 0
  m_PrefabParentObject: {fileID: 100010, guid: 675cdc99b38296b4ab59fa1b907f6227, type: 2}
  m_PrefabInternal: {fileID: 800588068}
  serializedVersion: 5
  m_Component:
  - component: {fileID: 288138165}
  - component: {fileID: 288138166}
  m_Layer: 0
  m_Name: 01_body
  m_TagString: Untagged
  m_Icon: {fileID: 0}
  m_NavMeshLayer: 0
  m_StaticEditorFlags: 0
  m_IsActive: 1
--- !u!4 &288138165
Transform:
  m_ObjectHideFlags: 0
  m_PrefabParentObject: {fileID: 400010, guid: 675cdc99b38296b4ab59fa1b907f6227, type: 2}
  m_PrefabInternal: {fileID: 800588068}
  m_GameObject: {fileID: 288138164}
  m_LocalRotation: {x: 0, y: 0, z: 0, w: 1}
  m_LocalPosition: {x: 0, y: 0, z: 0}
  m_LocalScale: {x: 1, y: 1, z: 1}
  m_Children:
  - {fileID: 7443926}
  m_Father: {fileID: 929135204}
  m_RootOrder: 0
  m_LocalEulerAnglesHint: {x: 0, y: 0, z: 0}
--- !u!111 &288138166
Animation:
  m_ObjectHideFlags: 0
  m_PrefabParentObject: {fileID: 11100004, guid: 675cdc99b38296b4ab59fa1b907f6227,
    type: 2}
  m_PrefabInternal: {fileID: 800588068}
  m_GameObject: {fileID: 288138164}
  m_Enabled: 1
  serializedVersion: 3
  m_Animation: {fileID: 7400000, guid: bd53937cd31a75c4aa5dbdc4578f673f, type: 2}
  m_Animations:
  - {fileID: 7400000, guid: bd53937cd31a75c4aa5dbdc4578f673f, type: 2}
  m_WrapMode: 0
  m_PlayAutomatically: 1
  m_AnimatePhysics: 0
  m_CullingType: 0
--- !u!1 &288641853
GameObject:
  m_ObjectHideFlags: 0
  m_PrefabParentObject: {fileID: 100012, guid: 675cdc99b38296b4ab59fa1b907f6227, type: 2}
  m_PrefabInternal: {fileID: 800588068}
  serializedVersion: 5
  m_Component:
  - component: {fileID: 288641854}
  m_Layer: 0
  m_Name: MSH_LFoot
  m_TagString: Untagged
  m_Icon: {fileID: 0}
  m_NavMeshLayer: 0
  m_StaticEditorFlags: 0
  m_IsActive: 1
--- !u!4 &288641854
Transform:
  m_ObjectHideFlags: 0
  m_PrefabParentObject: {fileID: 400012, guid: 675cdc99b38296b4ab59fa1b907f6227, type: 2}
  m_PrefabInternal: {fileID: 800588068}
  m_GameObject: {fileID: 288641853}
  m_LocalRotation: {x: -0.00129559, y: -0.0017134937, z: -0.85105526, w: 0.5250718}
  m_LocalPosition: {x: -0.5478058, y: -0.2781986, z: 0.0012465286}
  m_LocalScale: {x: 1.0000004, y: 1.0000002, z: 1.0000002}
  m_Children:
  - {fileID: 1353057013}
  m_Father: {fileID: 1009781493}
  m_RootOrder: 1
  m_LocalEulerAnglesHint: {x: 0, y: 0, z: 0}
--- !u!1 &437265146
GameObject:
  m_ObjectHideFlags: 0
  m_PrefabParentObject: {fileID: 100018, guid: 675cdc99b38296b4ab59fa1b907f6227, type: 2}
  m_PrefabInternal: {fileID: 800588068}
  serializedVersion: 5
  m_Component:
  - component: {fileID: 437265147}
  - component: {fileID: 437265150}
  - component: {fileID: 437265149}
  - component: {fileID: 437265148}
  m_Layer: 0
  m_Name: _Pelvis
  m_TagString: Untagged
  m_Icon: {fileID: 0}
  m_NavMeshLayer: 0
  m_StaticEditorFlags: 0
  m_IsActive: 1
--- !u!4 &437265147
Transform:
  m_ObjectHideFlags: 0
  m_PrefabParentObject: {fileID: 400018, guid: 675cdc99b38296b4ab59fa1b907f6227, type: 2}
  m_PrefabInternal: {fileID: 800588068}
  m_GameObject: {fileID: 437265146}
  m_LocalRotation: {x: -0.70563596, y: -0.045586787, z: -0.7056357, w: 0.045584835}
  m_LocalPosition: {x: 0.08712971, y: 0.008695081, z: -0.004495159}
  m_LocalScale: {x: 1, y: 1, z: 1}
  m_Children: []
  m_Father: {fileID: 1235700276}
  m_RootOrder: 0
  m_LocalEulerAnglesHint: {x: 0, y: 0, z: 0}
--- !u!64 &437265148
MeshCollider:
  m_ObjectHideFlags: 0
  m_PrefabParentObject: {fileID: 6400000, guid: 675cdc99b38296b4ab59fa1b907f6227,
    type: 2}
  m_PrefabInternal: {fileID: 800588068}
  m_GameObject: {fileID: 437265146}
  m_Material: {fileID: 0}
  m_IsTrigger: 0
  m_Enabled: 1
  serializedVersion: 3
  m_Convex: 0
  m_CookingOptions: 14
  m_SkinWidth: 0.01
  m_Mesh: {fileID: 4300014, guid: b5e1ebab71c41494989ad1a602fc25ad, type: 3}
--- !u!23 &437265149
MeshRenderer:
  m_ObjectHideFlags: 0
  m_PrefabParentObject: {fileID: 2300006, guid: 675cdc99b38296b4ab59fa1b907f6227,
    type: 2}
  m_PrefabInternal: {fileID: 800588068}
  m_GameObject: {fileID: 437265146}
  m_Enabled: 1
  m_CastShadows: 1
  m_ReceiveShadows: 1
  m_DynamicOccludee: 1
  m_MotionVectors: 1
  m_LightProbeUsage: 0
  m_ReflectionProbeUsage: 1
  m_Materials:
  - {fileID: 2100000, guid: d60fc53f96e48d54190f717fa51e17bc, type: 2}
  m_StaticBatchInfo:
    firstSubMesh: 0
    subMeshCount: 0
  m_StaticBatchRoot: {fileID: 0}
  m_ProbeAnchor: {fileID: 0}
  m_LightProbeVolumeOverride: {fileID: 0}
  m_ScaleInLightmap: 1
  m_PreserveUVs: 0
  m_IgnoreNormalsForChartDetection: 0
  m_ImportantGI: 0
  m_StitchLightmapSeams: 0
  m_SelectedEditorRenderState: 3
  m_MinimumChartSize: 4
  m_AutoUVMaxDistance: 0.5
  m_AutoUVMaxAngle: 89
  m_LightmapParameters: {fileID: 0}
  m_SortingLayerID: 0
  m_SortingLayer: 0
  m_SortingOrder: 0
--- !u!33 &437265150
MeshFilter:
  m_ObjectHideFlags: 0
  m_PrefabParentObject: {fileID: 3300006, guid: 675cdc99b38296b4ab59fa1b907f6227,
    type: 2}
  m_PrefabInternal: {fileID: 800588068}
  m_GameObject: {fileID: 437265146}
  m_Mesh: {fileID: 4300014, guid: b5e1ebab71c41494989ad1a602fc25ad, type: 3}
--- !u!1 &484739275
GameObject:
  m_ObjectHideFlags: 0
  m_PrefabParentObject: {fileID: 100020, guid: 675cdc99b38296b4ab59fa1b907f6227, type: 2}
  m_PrefabInternal: {fileID: 800588068}
  serializedVersion: 5
  m_Component:
  - component: {fileID: 484739276}
  m_Layer: 0
  m_Name: FX_Hit
  m_TagString: Untagged
  m_Icon: {fileID: 0}
  m_NavMeshLayer: 0
  m_StaticEditorFlags: 0
  m_IsActive: 1
--- !u!4 &484739276
Transform:
  m_ObjectHideFlags: 0
  m_PrefabParentObject: {fileID: 400020, guid: 675cdc99b38296b4ab59fa1b907f6227, type: 2}
  m_PrefabInternal: {fileID: 800588068}
  m_GameObject: {fileID: 484739275}
  m_LocalRotation: {x: 0.49429446, y: -0.49999753, z: 0.50000256, w: 0.5056411}
  m_LocalPosition: {x: -0.4896768, y: -0.15895054, z: 0.0000007629395}
  m_LocalScale: {x: 0.99999976, y: 0.9999999, z: 0.9999999}
  m_Children: []
  m_Father: {fileID: 7443926}
  m_RootOrder: 1
  m_LocalEulerAnglesHint: {x: 0, y: 0, z: 0}
--- !u!1 &503203213
GameObject:
  m_ObjectHideFlags: 0
  m_PrefabParentObject: {fileID: 0}
  m_PrefabInternal: {fileID: 0}
  serializedVersion: 5
  m_Component:
  - component: {fileID: 503203218}
  - component: {fileID: 503203217}
  - component: {fileID: 503203216}
  - component: {fileID: 503203215}
  - component: {fileID: 503203214}
  - component: {fileID: 503203219}
  m_Layer: 0
  m_Name: Main Camera
  m_TagString: MainCamera
  m_Icon: {fileID: 0}
  m_NavMeshLayer: 0
  m_StaticEditorFlags: 0
  m_IsActive: 1
--- !u!81 &503203214
AudioListener:
  m_ObjectHideFlags: 0
  m_PrefabParentObject: {fileID: 0}
  m_PrefabInternal: {fileID: 0}
  m_GameObject: {fileID: 503203213}
  m_Enabled: 1
--- !u!124 &503203215
Behaviour:
  m_ObjectHideFlags: 0
  m_PrefabParentObject: {fileID: 0}
  m_PrefabInternal: {fileID: 0}
  m_GameObject: {fileID: 503203213}
  m_Enabled: 1
--- !u!92 &503203216
Behaviour:
  m_ObjectHideFlags: 0
  m_PrefabParentObject: {fileID: 0}
  m_PrefabInternal: {fileID: 0}
  m_GameObject: {fileID: 503203213}
  m_Enabled: 1
--- !u!20 &503203217
Camera:
  m_ObjectHideFlags: 0
  m_PrefabParentObject: {fileID: 0}
  m_PrefabInternal: {fileID: 0}
  m_GameObject: {fileID: 503203213}
  m_Enabled: 1
  serializedVersion: 2
  m_ClearFlags: 1
  m_BackGroundColor: {r: 0.19215687, g: 0.3019608, b: 0.4745098, a: 0.019607844}
  m_NormalizedViewPortRect:
    serializedVersion: 2
    x: 0
    y: 0
    width: 1
    height: 1
  near clip plane: 0.3
  far clip plane: 1000
  field of view: 60
  orthographic: 0
  orthographic size: 100
  m_Depth: -1
  m_CullingMask:
    serializedVersion: 2
    m_Bits: 4294967295
  m_RenderingPath: -1
  m_TargetTexture: {fileID: 0}
  m_TargetDisplay: 0
  m_TargetEye: 3
  m_HDR: 0
  m_AllowMSAA: 1
  m_AllowDynamicResolution: 0
  m_ForceIntoRT: 0
  m_OcclusionCulling: 1
  m_StereoConvergence: 10
  m_StereoSeparation: 0.022
--- !u!4 &503203218
Transform:
  m_ObjectHideFlags: 0
  m_PrefabParentObject: {fileID: 0}
  m_PrefabInternal: {fileID: 0}
  m_GameObject: {fileID: 503203213}
  m_LocalRotation: {x: 0, y: -0.9999543, z: 0, w: -0.009566759}
  m_LocalPosition: {x: 0, y: 1, z: 11.196859}
  m_LocalScale: {x: 1, y: 1, z: 1}
  m_Children: []
  m_Father: {fileID: 0}
  m_RootOrder: 1
  m_LocalEulerAnglesHint: {x: 0, y: 0, z: 0}
--- !u!114 &503203219
MonoBehaviour:
  m_ObjectHideFlags: 0
  m_PrefabParentObject: {fileID: 0}
  m_PrefabInternal: {fileID: 0}
  m_GameObject: {fileID: 503203213}
  m_Enabled: 1
  m_EditorHideFlags: 0
  m_Script: {fileID: 11500000, guid: 3d1f370cbc700ec40b899cc00ee0c450, type: 3}
  m_Name: 
  m_EditorClassIdentifier: 
  target: {fileID: 779108999}
  cam: {fileID: 503203218}
  distance: 10
  cameraSpeed: 10000
  minDistance: 1
  maxDistance: 20
--- !u!1 &512289741
GameObject:
  m_ObjectHideFlags: 0
  m_PrefabParentObject: {fileID: 100022, guid: 675cdc99b38296b4ab59fa1b907f6227, type: 2}
  m_PrefabInternal: {fileID: 800588068}
  serializedVersion: 5
  m_Component:
  - component: {fileID: 512289742}
  - component: {fileID: 512289745}
  - component: {fileID: 512289744}
  - component: {fileID: 512289743}
  m_Layer: 0
  m_Name: barrel_01
  m_TagString: Untagged
  m_Icon: {fileID: 0}
  m_NavMeshLayer: 0
  m_StaticEditorFlags: 0
  m_IsActive: 1
--- !u!4 &512289742
Transform:
  m_ObjectHideFlags: 0
  m_PrefabParentObject: {fileID: 400022, guid: 675cdc99b38296b4ab59fa1b907f6227, type: 2}
  m_PrefabInternal: {fileID: 800588068}
  m_GameObject: {fileID: 512289741}
  m_LocalRotation: {x: 0, y: 0, z: 0, w: 1}
  m_LocalPosition: {x: -0.0017583482, y: -0.09573576, z: 0.20250131}
  m_LocalScale: {x: 1, y: 1, z: 1}
  m_Children:
  - {fileID: 1830166119}
  m_Father: {fileID: 750194443}
  m_RootOrder: 0
  m_LocalEulerAnglesHint: {x: 0, y: 0, z: 0}
--- !u!111 &512289743
Animation:
  m_ObjectHideFlags: 0
  m_PrefabParentObject: {fileID: 11100010, guid: 675cdc99b38296b4ab59fa1b907f6227,
    type: 2}
  m_PrefabInternal: {fileID: 800588068}
  m_GameObject: {fileID: 512289741}
  m_Enabled: 1
  serializedVersion: 3
  m_Animation: {fileID: 7400000, guid: 7e3cfcf71d277984eaa05cc68a7c4d46, type: 2}
  m_Animations:
  - {fileID: 7400000, guid: 7e3cfcf71d277984eaa05cc68a7c4d46, type: 2}
  m_WrapMode: 0
  m_PlayAutomatically: 1
  m_AnimatePhysics: 0
  m_CullingType: 0
--- !u!23 &512289744
MeshRenderer:
  m_ObjectHideFlags: 0
  m_PrefabParentObject: {fileID: 2300008, guid: 675cdc99b38296b4ab59fa1b907f6227,
    type: 2}
  m_PrefabInternal: {fileID: 800588068}
  m_GameObject: {fileID: 512289741}
  m_Enabled: 1
  m_CastShadows: 1
  m_ReceiveShadows: 1
  m_DynamicOccludee: 1
  m_MotionVectors: 1
  m_LightProbeUsage: 0
  m_ReflectionProbeUsage: 1
  m_Materials:
  - {fileID: 2100000, guid: 654c5d1f4ca03134a80ff73169b0e594, type: 2}
  m_StaticBatchInfo:
    firstSubMesh: 0
    subMeshCount: 0
  m_StaticBatchRoot: {fileID: 0}
  m_ProbeAnchor: {fileID: 0}
  m_LightProbeVolumeOverride: {fileID: 0}
  m_ScaleInLightmap: 1
  m_PreserveUVs: 0
  m_IgnoreNormalsForChartDetection: 0
  m_ImportantGI: 0
  m_StitchLightmapSeams: 0
  m_SelectedEditorRenderState: 3
  m_MinimumChartSize: 4
  m_AutoUVMaxDistance: 0.5
  m_AutoUVMaxAngle: 89
  m_LightmapParameters: {fileID: 0}
  m_SortingLayerID: 0
  m_SortingLayer: 0
  m_SortingOrder: 0
--- !u!33 &512289745
MeshFilter:
  m_ObjectHideFlags: 0
  m_PrefabParentObject: {fileID: 3300008, guid: 675cdc99b38296b4ab59fa1b907f6227,
    type: 2}
  m_PrefabInternal: {fileID: 800588068}
  m_GameObject: {fileID: 512289741}
  m_Mesh: {fileID: 4300002, guid: 48de80589d2e6bc4999cc9f86f319952, type: 3}
--- !u!1 &622329830
GameObject:
  m_ObjectHideFlags: 0
  m_PrefabParentObject: {fileID: 100016, guid: 675cdc99b38296b4ab59fa1b907f6227, type: 2}
  m_PrefabInternal: {fileID: 800588068}
  serializedVersion: 5
  m_Component:
  - component: {fileID: 622329834}
  - component: {fileID: 622329833}
  - component: {fileID: 622329832}
  - component: {fileID: 622329831}
  m_Layer: 0
  m_Name: FX_FlechetteGun_MuzzleFlash2
  m_TagString: Untagged
  m_Icon: {fileID: 0}
  m_NavMeshLayer: 0
  m_StaticEditorFlags: 0
  m_IsActive: 1
--- !u!111 &622329831
Animation:
  m_ObjectHideFlags: 0
  m_PrefabParentObject: {fileID: 11100006, guid: 675cdc99b38296b4ab59fa1b907f6227,
    type: 2}
  m_PrefabInternal: {fileID: 800588068}
  m_GameObject: {fileID: 622329830}
  m_Enabled: 1
  serializedVersion: 3
  m_Animation: {fileID: 7400000, guid: 201c4b1f7faf6704b86d499842bba5d6, type: 2}
  m_Animations:
  - {fileID: 7400000, guid: 201c4b1f7faf6704b86d499842bba5d6, type: 2}
  m_WrapMode: 0
  m_PlayAutomatically: 1
  m_AnimatePhysics: 0
  m_CullingType: 1
--- !u!23 &622329832
MeshRenderer:
  m_ObjectHideFlags: 0
  m_PrefabParentObject: {fileID: 2300002, guid: 675cdc99b38296b4ab59fa1b907f6227,
    type: 2}
  m_PrefabInternal: {fileID: 800588068}
  m_GameObject: {fileID: 622329830}
  m_Enabled: 1
  m_CastShadows: 1
  m_ReceiveShadows: 1
  m_DynamicOccludee: 1
  m_MotionVectors: 1
  m_LightProbeUsage: 0
  m_ReflectionProbeUsage: 1
  m_Materials:
  - {fileID: 2100000, guid: f5f17e7396d7c904a85d2164c0236ee9, type: 2}
  m_StaticBatchInfo:
    firstSubMesh: 0
    subMeshCount: 0
  m_StaticBatchRoot: {fileID: 0}
  m_ProbeAnchor: {fileID: 0}
  m_LightProbeVolumeOverride: {fileID: 0}
  m_ScaleInLightmap: 1
  m_PreserveUVs: 0
  m_IgnoreNormalsForChartDetection: 0
  m_ImportantGI: 0
  m_StitchLightmapSeams: 0
  m_SelectedEditorRenderState: 3
  m_MinimumChartSize: 4
  m_AutoUVMaxDistance: 0.5
  m_AutoUVMaxAngle: 89
  m_LightmapParameters: {fileID: 0}
  m_SortingLayerID: 0
  m_SortingLayer: 0
  m_SortingOrder: 0
--- !u!33 &622329833
MeshFilter:
  m_ObjectHideFlags: 0
  m_PrefabParentObject: {fileID: 3300002, guid: 675cdc99b38296b4ab59fa1b907f6227,
    type: 2}
  m_PrefabInternal: {fileID: 800588068}
  m_GameObject: {fileID: 622329830}
  m_Mesh: {fileID: 4300000, guid: a766669f5777a4a47bf783ebf283e8ed, type: 3}
--- !u!4 &622329834
Transform:
  m_ObjectHideFlags: 0
  m_PrefabParentObject: {fileID: 400016, guid: 675cdc99b38296b4ab59fa1b907f6227, type: 2}
  m_PrefabInternal: {fileID: 800588068}
  m_GameObject: {fileID: 622329830}
  m_LocalRotation: {x: 0.000000021855694, y: 0, z: 0, w: 1}
  m_LocalPosition: {x: 0, y: 0, z: 0}
  m_LocalScale: {x: 1, y: 1, z: 1}
  m_Children: []
  m_Father: {fileID: 1937367407}
  m_RootOrder: 1
  m_LocalEulerAnglesHint: {x: 0, y: 0, z: 0}
--- !u!1 &637310844
GameObject:
  m_ObjectHideFlags: 0
  m_PrefabParentObject: {fileID: 100024, guid: 675cdc99b38296b4ab59fa1b907f6227, type: 2}
  m_PrefabInternal: {fileID: 800588068}
  serializedVersion: 5
  m_Component:
  - component: {fileID: 637310845}
  m_Layer: 0
  m_Name: gun_machinegun_01
  m_TagString: Untagged
  m_Icon: {fileID: 0}
  m_NavMeshLayer: 0
  m_StaticEditorFlags: 0
  m_IsActive: 1
--- !u!4 &637310845
Transform:
  m_ObjectHideFlags: 0
  m_PrefabParentObject: {fileID: 400024, guid: 675cdc99b38296b4ab59fa1b907f6227, type: 2}
  m_PrefabInternal: {fileID: 800588068}
  m_GameObject: {fileID: 637310844}
  m_LocalRotation: {x: 0, y: 0, z: 0, w: 1}
  m_LocalPosition: {x: 0, y: 0, z: 0}
  m_LocalScale: {x: 0.65, y: 0.65, z: 0.65}
  m_Children:
  - {fileID: 1702368705}
  m_Father: {fileID: 1487925224}
  m_RootOrder: 0
  m_LocalEulerAnglesHint: {x: 0, y: 0, z: 0}
--- !u!1 &680549086
GameObject:
  m_ObjectHideFlags: 0
  m_PrefabParentObject: {fileID: 100026, guid: 675cdc99b38296b4ab59fa1b907f6227, type: 2}
  m_PrefabInternal: {fileID: 800588068}
  serializedVersion: 5
  m_Component:
  - component: {fileID: 680549087}
  m_Layer: 0
  m_Name: PT_RHdpt02
  m_TagString: Untagged
  m_Icon: {fileID: 0}
  m_NavMeshLayer: 0
  m_StaticEditorFlags: 0
  m_IsActive: 1
--- !u!4 &680549087
Transform:
  m_ObjectHideFlags: 0
  m_PrefabParentObject: {fileID: 400026, guid: 675cdc99b38296b4ab59fa1b907f6227, type: 2}
  m_PrefabInternal: {fileID: 800588068}
  m_GameObject: {fileID: 680549086}
  m_LocalRotation: {x: 0.00000065459335, y: -0.7071066, z: 0.70710707, w: 0.00000040961464}
  m_LocalPosition: {x: -0.83128476, y: 0.15686749, z: 0.2169667}
  m_LocalScale: {x: 1, y: 0.99999994, z: 0.99999994}
  m_Children: []
  m_Father: {fileID: 7443926}
  m_RootOrder: 4
  m_LocalEulerAnglesHint: {x: 0, y: 0, z: 0}
--- !u!1 &706160585
GameObject:
  m_ObjectHideFlags: 0
  m_PrefabParentObject: {fileID: 100014, guid: 675cdc99b38296b4ab59fa1b907f6227, type: 2}
  m_PrefabInternal: {fileID: 800588068}
  serializedVersion: 5
  m_Component:
  - component: {fileID: 706160586}
  - component: {fileID: 706160589}
  - component: {fileID: 706160588}
  - component: {fileID: 706160587}
  m_Layer: 1
  m_Name: FX_Autocannon_MuzzleFlash
  m_TagString: Untagged
  m_Icon: {fileID: 0}
  m_NavMeshLayer: 0
  m_StaticEditorFlags: 0
  m_IsActive: 1
--- !u!4 &706160586
Transform:
  m_ObjectHideFlags: 0
  m_PrefabParentObject: {fileID: 400014, guid: 675cdc99b38296b4ab59fa1b907f6227, type: 2}
  m_PrefabInternal: {fileID: 800588068}
  m_GameObject: {fileID: 706160585}
  m_LocalRotation: {x: 0.0000005326322, y: 0, z: 0, w: 1}
  m_LocalPosition: {x: 0, y: 0, z: 0}
  m_LocalScale: {x: 1, y: 1, z: 1}
  m_Children: []
  m_Father: {fileID: 1937367407}
  m_RootOrder: 0
  m_LocalEulerAnglesHint: {x: 0, y: 0, z: 0}
--- !u!111 &706160587
Animation:
  m_ObjectHideFlags: 0
  m_PrefabParentObject: {fileID: 11100000, guid: 675cdc99b38296b4ab59fa1b907f6227,
    type: 2}
  m_PrefabInternal: {fileID: 800588068}
  m_GameObject: {fileID: 706160585}
  m_Enabled: 1
  serializedVersion: 3
  m_Animation: {fileID: 7400000, guid: ffe6b886fd87d0e4bb6c686dd0c90344, type: 2}
  m_Animations:
  - {fileID: 7400000, guid: ffe6b886fd87d0e4bb6c686dd0c90344, type: 2}
  m_WrapMode: 0
  m_PlayAutomatically: 1
  m_AnimatePhysics: 0
  m_CullingType: 1
--- !u!23 &706160588
MeshRenderer:
  m_ObjectHideFlags: 0
  m_PrefabParentObject: {fileID: 2300000, guid: 675cdc99b38296b4ab59fa1b907f6227,
    type: 2}
  m_PrefabInternal: {fileID: 800588068}
  m_GameObject: {fileID: 706160585}
  m_Enabled: 1
  m_CastShadows: 1
  m_ReceiveShadows: 1
  m_DynamicOccludee: 1
  m_MotionVectors: 1
  m_LightProbeUsage: 0
  m_ReflectionProbeUsage: 1
  m_Materials:
  - {fileID: 2100000, guid: 413ab44aa184b754d99685d86ad347cc, type: 2}
  m_StaticBatchInfo:
    firstSubMesh: 0
    subMeshCount: 0
  m_StaticBatchRoot: {fileID: 0}
  m_ProbeAnchor: {fileID: 0}
  m_LightProbeVolumeOverride: {fileID: 0}
  m_ScaleInLightmap: 1
  m_PreserveUVs: 0
  m_IgnoreNormalsForChartDetection: 0
  m_ImportantGI: 0
  m_StitchLightmapSeams: 0
  m_SelectedEditorRenderState: 3
  m_MinimumChartSize: 4
  m_AutoUVMaxDistance: 0.5
  m_AutoUVMaxAngle: 89
  m_LightmapParameters: {fileID: 0}
  m_SortingLayerID: 0
  m_SortingLayer: 0
  m_SortingOrder: 0
--- !u!33 &706160589
MeshFilter:
  m_ObjectHideFlags: 0
  m_PrefabParentObject: {fileID: 3300000, guid: 675cdc99b38296b4ab59fa1b907f6227,
    type: 2}
  m_PrefabInternal: {fileID: 800588068}
  m_GameObject: {fileID: 706160585}
  m_Mesh: {fileID: 4300000, guid: ee2bf63b39fb7284fbf8eb9d745182f2, type: 3}
--- !u!1 &745199173
GameObject:
  m_ObjectHideFlags: 0
  m_PrefabParentObject: {fileID: 100028, guid: 675cdc99b38296b4ab59fa1b907f6227, type: 2}
  m_PrefabInternal: {fileID: 800588068}
  serializedVersion: 5
  m_Component:
  - component: {fileID: 745199174}
  m_Layer: 0
  m_Name: GUN_01
  m_TagString: Untagged
  m_Icon: {fileID: 0}
  m_NavMeshLayer: 0
  m_StaticEditorFlags: 0
  m_IsActive: 1
--- !u!4 &745199174
Transform:
  m_ObjectHideFlags: 0
  m_PrefabParentObject: {fileID: 400028, guid: 675cdc99b38296b4ab59fa1b907f6227, type: 2}
  m_PrefabInternal: {fileID: 800588068}
  m_GameObject: {fileID: 745199173}
  m_LocalRotation: {x: 0.000000033639807, y: 0.00000002015729, z: 0.99995834, w: -0.009135077}
  m_LocalPosition: {x: 0.0864851, y: -0.02746024, z: 0.000011977719}
  m_LocalScale: {x: 1, y: 1, z: 1}
  m_Children:
  - {fileID: 1075097283}
  m_Father: {fileID: 1397171853}
  m_RootOrder: 0
  m_LocalEulerAnglesHint: {x: 0, y: 0, z: 0}
--- !u!1 &746487906
GameObject:
  m_ObjectHideFlags: 0
  m_PrefabParentObject: {fileID: 100030, guid: 675cdc99b38296b4ab59fa1b907f6227, type: 2}
  m_PrefabInternal: {fileID: 800588068}
  serializedVersion: 5
  m_Component:
  - component: {fileID: 746487907}
  - component: {fileID: 746487910}
  - component: {fileID: 746487909}
  - component: {fileID: 746487908}
  m_Layer: 0
  m_Name: barrel_01
  m_TagString: Untagged
  m_Icon: {fileID: 0}
  m_NavMeshLayer: 0
  m_StaticEditorFlags: 0
  m_IsActive: 1
--- !u!4 &746487907
Transform:
  m_ObjectHideFlags: 0
  m_PrefabParentObject: {fileID: 400030, guid: 675cdc99b38296b4ab59fa1b907f6227, type: 2}
  m_PrefabInternal: {fileID: 800588068}
  m_GameObject: {fileID: 746487906}
  m_LocalRotation: {x: 0, y: 0, z: 0, w: 1}
  m_LocalPosition: {x: -0.0017583482, y: -0.09573576, z: 0.20250131}
  m_LocalScale: {x: 1, y: 1, z: 1}
  m_Children:
  - {fileID: 1937367407}
  m_Father: {fileID: 1702368705}
  m_RootOrder: 0
  m_LocalEulerAnglesHint: {x: 0, y: 0, z: 0}
--- !u!111 &746487908
Animation:
  m_ObjectHideFlags: 0
  m_PrefabParentObject: {fileID: 11100012, guid: 675cdc99b38296b4ab59fa1b907f6227,
    type: 2}
  m_PrefabInternal: {fileID: 800588068}
  m_GameObject: {fileID: 746487906}
  m_Enabled: 1
  serializedVersion: 3
  m_Animation: {fileID: 7400000, guid: 7e3cfcf71d277984eaa05cc68a7c4d46, type: 2}
  m_Animations:
  - {fileID: 7400000, guid: 7e3cfcf71d277984eaa05cc68a7c4d46, type: 2}
  m_WrapMode: 0
  m_PlayAutomatically: 1
  m_AnimatePhysics: 0
  m_CullingType: 0
--- !u!23 &746487909
MeshRenderer:
  m_ObjectHideFlags: 0
  m_PrefabParentObject: {fileID: 2300010, guid: 675cdc99b38296b4ab59fa1b907f6227,
    type: 2}
  m_PrefabInternal: {fileID: 800588068}
  m_GameObject: {fileID: 746487906}
  m_Enabled: 1
  m_CastShadows: 1
  m_ReceiveShadows: 1
  m_DynamicOccludee: 1
  m_MotionVectors: 1
  m_LightProbeUsage: 0
  m_ReflectionProbeUsage: 1
  m_Materials:
  - {fileID: 2100000, guid: 654c5d1f4ca03134a80ff73169b0e594, type: 2}
  m_StaticBatchInfo:
    firstSubMesh: 0
    subMeshCount: 0
  m_StaticBatchRoot: {fileID: 0}
  m_ProbeAnchor: {fileID: 0}
  m_LightProbeVolumeOverride: {fileID: 0}
  m_ScaleInLightmap: 1
  m_PreserveUVs: 0
  m_IgnoreNormalsForChartDetection: 0
  m_ImportantGI: 0
  m_StitchLightmapSeams: 0
  m_SelectedEditorRenderState: 3
  m_MinimumChartSize: 4
  m_AutoUVMaxDistance: 0.5
  m_AutoUVMaxAngle: 89
  m_LightmapParameters: {fileID: 0}
  m_SortingLayerID: 0
  m_SortingLayer: 0
  m_SortingOrder: 0
--- !u!33 &746487910
MeshFilter:
  m_ObjectHideFlags: 0
  m_PrefabParentObject: {fileID: 3300010, guid: 675cdc99b38296b4ab59fa1b907f6227,
    type: 2}
  m_PrefabInternal: {fileID: 800588068}
  m_GameObject: {fileID: 746487906}
  m_Mesh: {fileID: 4300002, guid: 48de80589d2e6bc4999cc9f86f319952, type: 3}
--- !u!1 &750194442
GameObject:
  m_ObjectHideFlags: 0
  m_PrefabParentObject: {fileID: 100032, guid: 675cdc99b38296b4ab59fa1b907f6227, type: 2}
  m_PrefabInternal: {fileID: 800588068}
  serializedVersion: 5
  m_Component:
  - component: {fileID: 750194443}
  - component: {fileID: 750194445}
  - component: {fileID: 750194444}
  m_Layer: 0
  m_Name: gun_01
  m_TagString: Untagged
  m_Icon: {fileID: 0}
  m_NavMeshLayer: 0
  m_StaticEditorFlags: 0
  m_IsActive: 1
--- !u!4 &750194443
Transform:
  m_ObjectHideFlags: 0
  m_PrefabParentObject: {fileID: 400032, guid: 675cdc99b38296b4ab59fa1b907f6227, type: 2}
  m_PrefabInternal: {fileID: 800588068}
  m_GameObject: {fileID: 750194442}
  m_LocalRotation: {x: -0.7071068, y: 0, z: 0, w: 0.7071068}
  m_LocalPosition: {x: 0, y: 0, z: 0}
  m_LocalScale: {x: 1, y: 1, z: 1}
  m_Children:
  - {fileID: 512289742}
  m_Father: {fileID: 1075097283}
  m_RootOrder: 0
  m_LocalEulerAnglesHint: {x: 0, y: 0, z: 0}
--- !u!23 &750194444
MeshRenderer:
  m_ObjectHideFlags: 0
  m_PrefabParentObject: {fileID: 2300012, guid: 675cdc99b38296b4ab59fa1b907f6227,
    type: 2}
  m_PrefabInternal: {fileID: 800588068}
  m_GameObject: {fileID: 750194442}
  m_Enabled: 1
  m_CastShadows: 1
  m_ReceiveShadows: 1
  m_DynamicOccludee: 1
  m_MotionVectors: 1
  m_LightProbeUsage: 0
  m_ReflectionProbeUsage: 1
  m_Materials:
  - {fileID: 2100000, guid: 654c5d1f4ca03134a80ff73169b0e594, type: 2}
  m_StaticBatchInfo:
    firstSubMesh: 0
    subMeshCount: 0
  m_StaticBatchRoot: {fileID: 0}
  m_ProbeAnchor: {fileID: 0}
  m_LightProbeVolumeOverride: {fileID: 0}
  m_ScaleInLightmap: 1
  m_PreserveUVs: 0
  m_IgnoreNormalsForChartDetection: 0
  m_ImportantGI: 0
  m_StitchLightmapSeams: 0
  m_SelectedEditorRenderState: 3
  m_MinimumChartSize: 4
  m_AutoUVMaxDistance: 0.5
  m_AutoUVMaxAngle: 89
  m_LightmapParameters: {fileID: 0}
  m_SortingLayerID: 0
  m_SortingLayer: 0
  m_SortingOrder: 0
--- !u!33 &750194445
MeshFilter:
  m_ObjectHideFlags: 0
  m_PrefabParentObject: {fileID: 3300012, guid: 675cdc99b38296b4ab59fa1b907f6227,
    type: 2}
  m_PrefabInternal: {fileID: 800588068}
  m_GameObject: {fileID: 750194442}
  m_Mesh: {fileID: 4300000, guid: 48de80589d2e6bc4999cc9f86f319952, type: 3}
--- !u!1 &779108998
GameObject:
  m_ObjectHideFlags: 0
  m_PrefabParentObject: {fileID: 0}
  m_PrefabInternal: {fileID: 0}
  serializedVersion: 5
  m_Component:
  - component: {fileID: 779108999}
  m_Layer: 0
  m_Name: cameraTarget
  m_TagString: Untagged
  m_Icon: {fileID: 0}
  m_NavMeshLayer: 0
  m_StaticEditorFlags: 0
  m_IsActive: 1
--- !u!4 &779108999
Transform:
  m_ObjectHideFlags: 0
  m_PrefabParentObject: {fileID: 0}
  m_PrefabInternal: {fileID: 0}
  m_GameObject: {fileID: 779108998}
  m_LocalRotation: {x: 0, y: 0, z: 0, w: 1}
  m_LocalPosition: {x: 0, y: 1.119564, z: 0}
  m_LocalScale: {x: 1, y: 1, z: 1}
  m_Children: []
  m_Father: {fileID: 0}
  m_RootOrder: 0
  m_LocalEulerAnglesHint: {x: 0, y: 0, z: 0}
--- !u!1001 &800588068
Prefab:
  m_ObjectHideFlags: 0
  serializedVersion: 2
  m_Modification:
    m_TransformParent: {fileID: 0}
    m_Modifications:
    - target: {fileID: 400006, guid: 675cdc99b38296b4ab59fa1b907f6227, type: 2}
      propertyPath: m_LocalPosition.x
      value: 0
      objectReference: {fileID: 0}
    - target: {fileID: 400006, guid: 675cdc99b38296b4ab59fa1b907f6227, type: 2}
      propertyPath: m_LocalPosition.y
      value: .00031465292
      objectReference: {fileID: 0}
    - target: {fileID: 400006, guid: 675cdc99b38296b4ab59fa1b907f6227, type: 2}
      propertyPath: m_LocalPosition.z
      value: 0
      objectReference: {fileID: 0}
    - target: {fileID: 400006, guid: 675cdc99b38296b4ab59fa1b907f6227, type: 2}
      propertyPath: m_LocalRotation.x
      value: 0
      objectReference: {fileID: 0}
    - target: {fileID: 400006, guid: 675cdc99b38296b4ab59fa1b907f6227, type: 2}
      propertyPath: m_LocalRotation.y
      value: 0
      objectReference: {fileID: 0}
    - target: {fileID: 400006, guid: 675cdc99b38296b4ab59fa1b907f6227, type: 2}
      propertyPath: m_LocalRotation.z
      value: 0
      objectReference: {fileID: 0}
    - target: {fileID: 400006, guid: 675cdc99b38296b4ab59fa1b907f6227, type: 2}
      propertyPath: m_LocalRotation.w
      value: 1
      objectReference: {fileID: 0}
    m_RemovedComponents: []
  m_ParentPrefab: {fileID: 100100000, guid: 675cdc99b38296b4ab59fa1b907f6227, type: 2}
  m_RootGameObject: {fileID: 167807628}
  m_IsPrefabParent: 0
--- !u!1 &929135203
GameObject:
  m_ObjectHideFlags: 0
  m_PrefabParentObject: {fileID: 100034, guid: 675cdc99b38296b4ab59fa1b907f6227, type: 2}
  m_PrefabInternal: {fileID: 800588068}
  serializedVersion: 5
  m_Component:
  - component: {fileID: 929135204}
  m_Layer: 0
  m_Name: fit
  m_TagString: Untagged
  m_Icon: {fileID: 0}
  m_NavMeshLayer: 0
  m_StaticEditorFlags: 0
  m_IsActive: 1
--- !u!4 &929135204
Transform:
  m_ObjectHideFlags: 0
  m_PrefabParentObject: {fileID: 400034, guid: 675cdc99b38296b4ab59fa1b907f6227, type: 2}
  m_PrefabInternal: {fileID: 800588068}
  m_GameObject: {fileID: 929135203}
  m_LocalRotation: {x: 0, y: 0, z: 0, w: 1}
  m_LocalPosition: {x: 0, y: 0.11375046, z: -0.00000008136062}
  m_LocalScale: {x: 1, y: 1, z: 1}
  m_Children:
  - {fileID: 288138165}
  m_Father: {fileID: 1761931692}
  m_RootOrder: 0
  m_LocalEulerAnglesHint: {x: 0, y: 0, z: 0}
--- !u!1 &991136871
GameObject:
  m_ObjectHideFlags: 0
  m_PrefabParentObject: {fileID: 100036, guid: 675cdc99b38296b4ab59fa1b907f6227, type: 2}
  m_PrefabInternal: {fileID: 800588068}
  serializedVersion: 5
  m_Component:
  - component: {fileID: 991136872}
  - component: {fileID: 991136874}
  - component: {fileID: 991136873}
  m_Layer: 0
  m_Name: MSH_RArm
  m_TagString: Untagged
  m_Icon: {fileID: 0}
  m_NavMeshLayer: 0
  m_StaticEditorFlags: 0
  m_IsActive: 1
--- !u!4 &991136872
Transform:
  m_ObjectHideFlags: 0
  m_PrefabParentObject: {fileID: 400036, guid: 675cdc99b38296b4ab59fa1b907f6227, type: 2}
  m_PrefabInternal: {fileID: 800588068}
  m_GameObject: {fileID: 991136871}
  m_LocalRotation: {x: 0.06646822, y: 0.70397574, z: -0.7039759, w: -0.06646866}
  m_LocalPosition: {x: 0.06858257, y: 0.031406205, z: -0.004029788}
  m_LocalScale: {x: 1, y: 1, z: 1}
  m_Children: []
  m_Father: {fileID: 1646232974}
  m_RootOrder: 1
  m_LocalEulerAnglesHint: {x: 0, y: 0, z: 0}
--- !u!23 &991136873
MeshRenderer:
  m_ObjectHideFlags: 0
  m_PrefabParentObject: {fileID: 2300014, guid: 675cdc99b38296b4ab59fa1b907f6227,
    type: 2}
  m_PrefabInternal: {fileID: 800588068}
  m_GameObject: {fileID: 991136871}
  m_Enabled: 1
  m_CastShadows: 1
  m_ReceiveShadows: 1
  m_DynamicOccludee: 1
  m_MotionVectors: 1
  m_LightProbeUsage: 0
  m_ReflectionProbeUsage: 1
  m_Materials:
  - {fileID: 2100000, guid: 2b4b0f89c7443c9439ed29750fbc6dac, type: 2}
  m_StaticBatchInfo:
    firstSubMesh: 0
    subMeshCount: 0
  m_StaticBatchRoot: {fileID: 0}
  m_ProbeAnchor: {fileID: 0}
  m_LightProbeVolumeOverride: {fileID: 0}
  m_ScaleInLightmap: 1
  m_PreserveUVs: 0
  m_IgnoreNormalsForChartDetection: 0
  m_ImportantGI: 0
  m_StitchLightmapSeams: 0
  m_SelectedEditorRenderState: 3
  m_MinimumChartSize: 4
  m_AutoUVMaxDistance: 0.5
  m_AutoUVMaxAngle: 89
  m_LightmapParameters: {fileID: 0}
  m_SortingLayerID: 0
  m_SortingLayer: 0
  m_SortingOrder: 0
--- !u!33 &991136874
MeshFilter:
  m_ObjectHideFlags: 0
  m_PrefabParentObject: {fileID: 3300014, guid: 675cdc99b38296b4ab59fa1b907f6227,
    type: 2}
  m_PrefabInternal: {fileID: 800588068}
  m_GameObject: {fileID: 991136871}
  m_Mesh: {fileID: 4300002, guid: d80305087b643514aacb6b65e382a5da, type: 3}
--- !u!1 &1009781492
GameObject:
  m_ObjectHideFlags: 0
  m_PrefabParentObject: {fileID: 100038, guid: 675cdc99b38296b4ab59fa1b907f6227, type: 2}
  m_PrefabInternal: {fileID: 800588068}
  serializedVersion: 5
  m_Component:
  - component: {fileID: 1009781493}
  m_Layer: 0
  m_Name: MSH_LKnee
  m_TagString: Untagged
  m_Icon: {fileID: 0}
  m_NavMeshLayer: 0
  m_StaticEditorFlags: 0
  m_IsActive: 1
--- !u!4 &1009781493
Transform:
  m_ObjectHideFlags: 0
  m_PrefabParentObject: {fileID: 400038, guid: 675cdc99b38296b4ab59fa1b907f6227, type: 2}
  m_PrefabInternal: {fileID: 800588068}
  m_GameObject: {fileID: 1009781492}
  m_LocalRotation: {x: 0.0012524909, y: -0.00013704547, z: -0.042396832, w: 0.9991001}
  m_LocalPosition: {x: -0.39139408, y: -0.00000010967254, z: 0.000000057220458}
  m_LocalScale: {x: 1.0000001, y: 1, z: 1.0000002}
  m_Children:
  - {fileID: 2097971866}
  - {fileID: 288641854}
  m_Father: {fileID: 1379640848}
  m_RootOrder: 1
  m_LocalEulerAnglesHint: {x: 0, y: 0, z: 0}
--- !u!1 &1012622358
GameObject:
  m_ObjectHideFlags: 0
  m_PrefabParentObject: {fileID: 100040, guid: 675cdc99b38296b4ab59fa1b907f6227, type: 2}
  m_PrefabInternal: {fileID: 800588068}
  serializedVersion: 5
  m_Component:
  - component: {fileID: 1012622359}
  - component: {fileID: 1012622362}
  - component: {fileID: 1012622361}
  - component: {fileID: 1012622360}
  m_Layer: 0
  m_Name: _LHip
  m_TagString: Untagged
  m_Icon: {fileID: 0}
  m_NavMeshLayer: 0
  m_StaticEditorFlags: 0
  m_IsActive: 1
--- !u!4 &1012622359
Transform:
  m_ObjectHideFlags: 0
  m_PrefabParentObject: {fileID: 400040, guid: 675cdc99b38296b4ab59fa1b907f6227, type: 2}
  m_PrefabInternal: {fileID: 800588068}
  m_GameObject: {fileID: 1012622358}
  m_LocalRotation: {x: -0.023289766, y: -0.70667505, z: 0.024684625, w: -0.706724}
  m_LocalPosition: {x: 0.16895825, y: -0.025982888, z: -0.0008983632}
  m_LocalScale: {x: 1, y: 1, z: 1}
  m_Children: []
  m_Father: {fileID: 1379640848}
  m_RootOrder: 0
  m_LocalEulerAnglesHint: {x: 0, y: 0, z: 0}
--- !u!64 &1012622360
MeshCollider:
  m_ObjectHideFlags: 0
  m_PrefabParentObject: {fileID: 6400002, guid: 675cdc99b38296b4ab59fa1b907f6227,
    type: 2}
  m_PrefabInternal: {fileID: 800588068}
  m_GameObject: {fileID: 1012622358}
  m_Material: {fileID: 0}
  m_IsTrigger: 0
  m_Enabled: 1
  serializedVersion: 3
  m_Convex: 0
  m_CookingOptions: 14
  m_SkinWidth: 0.01
  m_Mesh: {fileID: 4300008, guid: b5e1ebab71c41494989ad1a602fc25ad, type: 3}
--- !u!23 &1012622361
MeshRenderer:
  m_ObjectHideFlags: 0
  m_PrefabParentObject: {fileID: 2300016, guid: 675cdc99b38296b4ab59fa1b907f6227,
    type: 2}
  m_PrefabInternal: {fileID: 800588068}
  m_GameObject: {fileID: 1012622358}
  m_Enabled: 1
  m_CastShadows: 1
  m_ReceiveShadows: 1
  m_DynamicOccludee: 1
  m_MotionVectors: 1
  m_LightProbeUsage: 0
  m_ReflectionProbeUsage: 1
  m_Materials:
  - {fileID: 2100000, guid: d60fc53f96e48d54190f717fa51e17bc, type: 2}
  m_StaticBatchInfo:
    firstSubMesh: 0
    subMeshCount: 0
  m_StaticBatchRoot: {fileID: 0}
  m_ProbeAnchor: {fileID: 0}
  m_LightProbeVolumeOverride: {fileID: 0}
  m_ScaleInLightmap: 1
  m_PreserveUVs: 0
  m_IgnoreNormalsForChartDetection: 0
  m_ImportantGI: 0
  m_StitchLightmapSeams: 0
  m_SelectedEditorRenderState: 3
  m_MinimumChartSize: 4
  m_AutoUVMaxDistance: 0.5
  m_AutoUVMaxAngle: 89
  m_LightmapParameters: {fileID: 0}
  m_SortingLayerID: 0
  m_SortingLayer: 0
  m_SortingOrder: 0
--- !u!33 &1012622362
MeshFilter:
  m_ObjectHideFlags: 0
  m_PrefabParentObject: {fileID: 3300016, guid: 675cdc99b38296b4ab59fa1b907f6227,
    type: 2}
  m_PrefabInternal: {fileID: 800588068}
  m_GameObject: {fileID: 1012622358}
  m_Mesh: {fileID: 4300008, guid: b5e1ebab71c41494989ad1a602fc25ad, type: 3}
--- !u!1 &1046265678
GameObject:
  m_ObjectHideFlags: 0
  m_PrefabParentObject: {fileID: 100042, guid: 675cdc99b38296b4ab59fa1b907f6227, type: 2}
  m_PrefabInternal: {fileID: 800588068}
  serializedVersion: 5
  m_Component:
  - component: {fileID: 1046265679}
  m_Layer: 0
  m_Name: PT_RHdpt01
  m_TagString: Untagged
  m_Icon: {fileID: 0}
  m_NavMeshLayer: 0
  m_StaticEditorFlags: 0
  m_IsActive: 1
--- !u!4 &1046265679
Transform:
  m_ObjectHideFlags: 0
  m_PrefabParentObject: {fileID: 400042, guid: 675cdc99b38296b4ab59fa1b907f6227, type: 2}
  m_PrefabInternal: {fileID: 800588068}
  m_GameObject: {fileID: 1046265678}
  m_LocalRotation: {x: 0.000000040252964, y: 0.0000003987273, z: -0.99969465, w: -0.024712551}
  m_LocalPosition: {x: -0.23756914, y: 0.59240043, z: -0.018638967}
  m_LocalScale: {x: 1, y: 1, z: 1}
  m_Children:
  - {fileID: 1487925224}
  m_Father: {fileID: 1646232974}
  m_RootOrder: 0
  m_LocalEulerAnglesHint: {x: 0, y: 0, z: 0}
--- !u!1 &1075097282
GameObject:
  m_ObjectHideFlags: 0
  m_PrefabParentObject: {fileID: 100044, guid: 675cdc99b38296b4ab59fa1b907f6227, type: 2}
  m_PrefabInternal: {fileID: 800588068}
  serializedVersion: 5
  m_Component:
  - component: {fileID: 1075097283}
  m_Layer: 0
  m_Name: gun_machinegun_01
  m_TagString: Untagged
  m_Icon: {fileID: 0}
  m_NavMeshLayer: 0
  m_StaticEditorFlags: 0
  m_IsActive: 1
--- !u!4 &1075097283
Transform:
  m_ObjectHideFlags: 0
  m_PrefabParentObject: {fileID: 400044, guid: 675cdc99b38296b4ab59fa1b907f6227, type: 2}
  m_PrefabInternal: {fileID: 800588068}
  m_GameObject: {fileID: 1075097282}
  m_LocalRotation: {x: 0, y: 0, z: 0, w: 1}
  m_LocalPosition: {x: 0, y: 0, z: 0}
  m_LocalScale: {x: 0.65, y: 0.65, z: 0.65}
  m_Children:
  - {fileID: 750194443}
  m_Father: {fileID: 745199174}
  m_RootOrder: 0
  m_LocalEulerAnglesHint: {x: 0, y: 0, z: 0}
--- !u!1 &1093774782
GameObject:
  m_ObjectHideFlags: 0
  m_PrefabParentObject: {fileID: 100046, guid: 675cdc99b38296b4ab59fa1b907f6227, type: 2}
  m_PrefabInternal: {fileID: 800588068}
  serializedVersion: 5
  m_Component:
  - component: {fileID: 1093774783}
  m_Layer: 0
  m_Name: FX_Eye
  m_TagString: Untagged
  m_Icon: {fileID: 0}
  m_NavMeshLayer: 0
  m_StaticEditorFlags: 0
  m_IsActive: 1
--- !u!4 &1093774783
Transform:
  m_ObjectHideFlags: 0
  m_PrefabParentObject: {fileID: 400046, guid: 675cdc99b38296b4ab59fa1b907f6227, type: 2}
  m_PrefabInternal: {fileID: 800588068}
  m_GameObject: {fileID: 1093774782}
  m_LocalRotation: {x: 0.49999997, y: -0.50000006, z: 0.49999997, w: 0.50000006}
  m_LocalPosition: {x: -0.73005337, y: -0.33545116, z: 0.00000018290767}
  m_LocalScale: {x: 1.0000001, y: 1.0000001, z: 1}
  m_Children: []
  m_Father: {fileID: 7443926}
  m_RootOrder: 0
  m_LocalEulerAnglesHint: {x: 0, y: 0, z: 0}
--- !u!1 &1235700275
GameObject:
  m_ObjectHideFlags: 0
  m_PrefabParentObject: {fileID: 100050, guid: 675cdc99b38296b4ab59fa1b907f6227, type: 2}
  m_PrefabInternal: {fileID: 800588068}
  serializedVersion: 5
  m_Component:
  - component: {fileID: 1235700276}
  m_Layer: 0
  m_Name: MSH_Pelvis
  m_TagString: Untagged
  m_Icon: {fileID: 0}
  m_NavMeshLayer: 0
  m_StaticEditorFlags: 0
  m_IsActive: 1
--- !u!4 &1235700276
Transform:
  m_ObjectHideFlags: 0
  m_PrefabParentObject: {fileID: 400050, guid: 675cdc99b38296b4ab59fa1b907f6227, type: 2}
  m_PrefabInternal: {fileID: 800588068}
  m_GameObject: {fileID: 1235700275}
  m_LocalRotation: {x: 0.5, y: 0.5, z: 0.5, w: 0.5}
  m_LocalPosition: {x: -0.000000023253468, y: 1.161809, z: -0.00000008771419}
  m_LocalScale: {x: 1.0000001, y: 1.0000004, z: 0.99999994}
  m_Children:
  - {fileID: 437265147}
  - {fileID: 1379640848}
  - {fileID: 1922847648}
  - {fileID: 1761931692}
  m_Father: {fileID: 167807629}
  m_RootOrder: 0
  m_LocalEulerAnglesHint: {x: 0, y: 0, z: 0}
--- !u!1 &1318231501
GameObject:
  m_ObjectHideFlags: 0
  m_PrefabParentObject: {fileID: 100052, guid: 675cdc99b38296b4ab59fa1b907f6227, type: 2}
  m_PrefabInternal: {fileID: 800588068}
  serializedVersion: 5
  m_Component:
  - component: {fileID: 1318231502}
  - component: {fileID: 1318231505}
  - component: {fileID: 1318231504}
  - component: {fileID: 1318231503}
  m_Layer: 0
  m_Name: _RFoot
  m_TagString: Untagged
  m_Icon: {fileID: 0}
  m_NavMeshLayer: 0
  m_StaticEditorFlags: 0
  m_IsActive: 1
--- !u!4 &1318231502
Transform:
  m_ObjectHideFlags: 0
  m_PrefabParentObject: {fileID: 400052, guid: 675cdc99b38296b4ab59fa1b907f6227, type: 2}
  m_PrefabInternal: {fileID: 800588068}
  m_GameObject: {fileID: 1318231501}
  m_LocalRotation: {x: -0.36602974, y: 0.60483193, z: -0.3663028, w: -0.60499835}
  m_LocalPosition: {x: -0.31579053, y: 0.0063796886, z: 0.0021757379}
  m_LocalScale: {x: 1, y: 1, z: 1}
  m_Children: []
  m_Father: {fileID: 1549865519}
  m_RootOrder: 0
  m_LocalEulerAnglesHint: {x: 0, y: 0, z: 0}
--- !u!64 &1318231503
MeshCollider:
  m_ObjectHideFlags: 0
  m_PrefabParentObject: {fileID: 6400004, guid: 675cdc99b38296b4ab59fa1b907f6227,
    type: 2}
  m_PrefabInternal: {fileID: 800588068}
  m_GameObject: {fileID: 1318231501}
  m_Material: {fileID: 0}
  m_IsTrigger: 0
  m_Enabled: 1
  serializedVersion: 3
  m_Convex: 0
  m_CookingOptions: 14
  m_SkinWidth: 0.01
  m_Mesh: {fileID: 4300002, guid: b5e1ebab71c41494989ad1a602fc25ad, type: 3}
--- !u!23 &1318231504
MeshRenderer:
  m_ObjectHideFlags: 0
  m_PrefabParentObject: {fileID: 2300020, guid: 675cdc99b38296b4ab59fa1b907f6227,
    type: 2}
  m_PrefabInternal: {fileID: 800588068}
  m_GameObject: {fileID: 1318231501}
  m_Enabled: 1
  m_CastShadows: 1
  m_ReceiveShadows: 1
  m_DynamicOccludee: 1
  m_MotionVectors: 1
  m_LightProbeUsage: 0
  m_ReflectionProbeUsage: 1
  m_Materials:
  - {fileID: 2100000, guid: d60fc53f96e48d54190f717fa51e17bc, type: 2}
  m_StaticBatchInfo:
    firstSubMesh: 0
    subMeshCount: 0
  m_StaticBatchRoot: {fileID: 0}
  m_ProbeAnchor: {fileID: 0}
  m_LightProbeVolumeOverride: {fileID: 0}
  m_ScaleInLightmap: 1
  m_PreserveUVs: 0
  m_IgnoreNormalsForChartDetection: 0
  m_ImportantGI: 0
  m_StitchLightmapSeams: 0
  m_SelectedEditorRenderState: 3
  m_MinimumChartSize: 4
  m_AutoUVMaxDistance: 0.5
  m_AutoUVMaxAngle: 89
  m_LightmapParameters: {fileID: 0}
  m_SortingLayerID: 0
  m_SortingLayer: 0
  m_SortingOrder: 0
--- !u!33 &1318231505
MeshFilter:
  m_ObjectHideFlags: 0
  m_PrefabParentObject: {fileID: 3300020, guid: 675cdc99b38296b4ab59fa1b907f6227,
    type: 2}
  m_PrefabInternal: {fileID: 800588068}
  m_GameObject: {fileID: 1318231501}
  m_Mesh: {fileID: 4300002, guid: b5e1ebab71c41494989ad1a602fc25ad, type: 3}
--- !u!1 &1328888211
GameObject:
  m_ObjectHideFlags: 0
  m_PrefabParentObject: {fileID: 100054, guid: 675cdc99b38296b4ab59fa1b907f6227, type: 2}
  m_PrefabInternal: {fileID: 800588068}
  serializedVersion: 5
  m_Component:
  - component: {fileID: 1328888212}
  - component: {fileID: 1328888215}
  - component: {fileID: 1328888214}
  - component: {fileID: 1328888213}
  m_Layer: 0
  m_Name: _RKnee
  m_TagString: Untagged
  m_Icon: {fileID: 0}
  m_NavMeshLayer: 0
  m_StaticEditorFlags: 0
  m_IsActive: 1
--- !u!4 &1328888212
Transform:
  m_ObjectHideFlags: 0
  m_PrefabParentObject: {fileID: 400054, guid: 675cdc99b38296b4ab59fa1b907f6227, type: 2}
  m_PrefabInternal: {fileID: 800588068}
  m_GameObject: {fileID: 1328888211}
  m_LocalRotation: {x: -0.7070606, y: 0.007464091, z: -0.70709985, w: -0.004426005}
  m_LocalPosition: {x: 0.0870891, y: 0.011897274, z: 0.0018779878}
  m_LocalScale: {x: 1, y: 1, z: 1}
  m_Children: []
  m_Father: {fileID: 60079359}
  m_RootOrder: 0
  m_LocalEulerAnglesHint: {x: 0, y: 0, z: 0}
--- !u!64 &1328888213
MeshCollider:
  m_ObjectHideFlags: 0
  m_PrefabParentObject: {fileID: 6400006, guid: 675cdc99b38296b4ab59fa1b907f6227,
    type: 2}
  m_PrefabInternal: {fileID: 800588068}
  m_GameObject: {fileID: 1328888211}
  m_Material: {fileID: 0}
  m_IsTrigger: 0
  m_Enabled: 1
  serializedVersion: 3
  m_Convex: 0
  m_CookingOptions: 14
  m_SkinWidth: 0.01
  m_Mesh: {fileID: 4300006, guid: b5e1ebab71c41494989ad1a602fc25ad, type: 3}
--- !u!23 &1328888214
MeshRenderer:
  m_ObjectHideFlags: 0
  m_PrefabParentObject: {fileID: 2300022, guid: 675cdc99b38296b4ab59fa1b907f6227,
    type: 2}
  m_PrefabInternal: {fileID: 800588068}
  m_GameObject: {fileID: 1328888211}
  m_Enabled: 1
  m_CastShadows: 1
  m_ReceiveShadows: 1
  m_DynamicOccludee: 1
  m_MotionVectors: 1
  m_LightProbeUsage: 0
  m_ReflectionProbeUsage: 1
  m_Materials:
  - {fileID: 2100000, guid: d60fc53f96e48d54190f717fa51e17bc, type: 2}
  m_StaticBatchInfo:
    firstSubMesh: 0
    subMeshCount: 0
  m_StaticBatchRoot: {fileID: 0}
  m_ProbeAnchor: {fileID: 0}
  m_LightProbeVolumeOverride: {fileID: 0}
  m_ScaleInLightmap: 1
  m_PreserveUVs: 0
  m_IgnoreNormalsForChartDetection: 0
  m_ImportantGI: 0
  m_StitchLightmapSeams: 0
  m_SelectedEditorRenderState: 3
  m_MinimumChartSize: 4
  m_AutoUVMaxDistance: 0.5
  m_AutoUVMaxAngle: 89
  m_LightmapParameters: {fileID: 0}
  m_SortingLayerID: 0
  m_SortingLayer: 0
  m_SortingOrder: 0
--- !u!33 &1328888215
MeshFilter:
  m_ObjectHideFlags: 0
  m_PrefabParentObject: {fileID: 3300022, guid: 675cdc99b38296b4ab59fa1b907f6227,
    type: 2}
  m_PrefabInternal: {fileID: 800588068}
  m_GameObject: {fileID: 1328888211}
  m_Mesh: {fileID: 4300006, guid: b5e1ebab71c41494989ad1a602fc25ad, type: 3}
--- !u!1 &1353057012
GameObject:
  m_ObjectHideFlags: 0
  m_PrefabParentObject: {fileID: 100056, guid: 675cdc99b38296b4ab59fa1b907f6227, type: 2}
  m_PrefabInternal: {fileID: 800588068}
  serializedVersion: 5
  m_Component:
  - component: {fileID: 1353057013}
  - component: {fileID: 1353057016}
  - component: {fileID: 1353057015}
  - component: {fileID: 1353057014}
  m_Layer: 0
  m_Name: _LFoot
  m_TagString: Untagged
  m_Icon: {fileID: 0}
  m_NavMeshLayer: 0
  m_StaticEditorFlags: 0
  m_IsActive: 1
--- !u!4 &1353057013
Transform:
  m_ObjectHideFlags: 0
  m_PrefabParentObject: {fileID: 400056, guid: 675cdc99b38296b4ab59fa1b907f6227, type: 2}
  m_PrefabInternal: {fileID: 800588068}
  m_GameObject: {fileID: 1353057012}
  m_LocalRotation: {x: 0.60483146, y: -0.36602852, z: -0.60499877, w: -0.36630395}
  m_LocalPosition: {x: -0.3156071, y: -0.0067307944, z: 0.0036959643}
  m_LocalScale: {x: 1, y: 1, z: 1}
  m_Children: []
  m_Father: {fileID: 288641854}
  m_RootOrder: 0
  m_LocalEulerAnglesHint: {x: 0, y: 0, z: 0}
--- !u!64 &1353057014
MeshCollider:
  m_ObjectHideFlags: 0
  m_PrefabParentObject: {fileID: 6400008, guid: 675cdc99b38296b4ab59fa1b907f6227,
    type: 2}
  m_PrefabInternal: {fileID: 800588068}
  m_GameObject: {fileID: 1353057012}
  m_Material: {fileID: 0}
  m_IsTrigger: 0
  m_Enabled: 1
  serializedVersion: 3
  m_Convex: 0
  m_CookingOptions: 14
  m_SkinWidth: 0.01
  m_Mesh: {fileID: 4300000, guid: b5e1ebab71c41494989ad1a602fc25ad, type: 3}
--- !u!23 &1353057015
MeshRenderer:
  m_ObjectHideFlags: 0
  m_PrefabParentObject: {fileID: 2300024, guid: 675cdc99b38296b4ab59fa1b907f6227,
    type: 2}
  m_PrefabInternal: {fileID: 800588068}
  m_GameObject: {fileID: 1353057012}
  m_Enabled: 1
  m_CastShadows: 1
  m_ReceiveShadows: 1
  m_DynamicOccludee: 1
  m_MotionVectors: 1
  m_LightProbeUsage: 0
  m_ReflectionProbeUsage: 1
  m_Materials:
  - {fileID: 2100000, guid: d60fc53f96e48d54190f717fa51e17bc, type: 2}
  m_StaticBatchInfo:
    firstSubMesh: 0
    subMeshCount: 0
  m_StaticBatchRoot: {fileID: 0}
  m_ProbeAnchor: {fileID: 0}
  m_LightProbeVolumeOverride: {fileID: 0}
  m_ScaleInLightmap: 1
  m_PreserveUVs: 0
  m_IgnoreNormalsForChartDetection: 0
  m_ImportantGI: 0
  m_StitchLightmapSeams: 0
  m_SelectedEditorRenderState: 3
  m_MinimumChartSize: 4
  m_AutoUVMaxDistance: 0.5
  m_AutoUVMaxAngle: 89
  m_LightmapParameters: {fileID: 0}
  m_SortingLayerID: 0
  m_SortingLayer: 0
  m_SortingOrder: 0
--- !u!33 &1353057016
MeshFilter:
  m_ObjectHideFlags: 0
  m_PrefabParentObject: {fileID: 3300024, guid: 675cdc99b38296b4ab59fa1b907f6227,
    type: 2}
  m_PrefabInternal: {fileID: 800588068}
  m_GameObject: {fileID: 1353057012}
  m_Mesh: {fileID: 4300000, guid: b5e1ebab71c41494989ad1a602fc25ad, type: 3}
--- !u!1 &1379640847
GameObject:
  m_ObjectHideFlags: 0
  m_PrefabParentObject: {fileID: 100058, guid: 675cdc99b38296b4ab59fa1b907f6227, type: 2}
  m_PrefabInternal: {fileID: 800588068}
  serializedVersion: 5
  m_Component:
  - component: {fileID: 1379640848}
  m_Layer: 0
  m_Name: MSH_LHip
  m_TagString: Untagged
  m_Icon: {fileID: 0}
  m_NavMeshLayer: 0
  m_StaticEditorFlags: 0
  m_IsActive: 1
--- !u!4 &1379640848
Transform:
  m_ObjectHideFlags: 0
  m_PrefabParentObject: {fileID: 400058, guid: 675cdc99b38296b4ab59fa1b907f6227, type: 2}
  m_PrefabInternal: {fileID: 800588068}
  m_GameObject: {fileID: 1379640847}
  m_LocalRotation: {x: 0.999424, y: -0.03392301, z: 0.00003393163, w: -0.000985593}
  m_LocalPosition: {x: -0.21003135, y: -0.009171992, z: -0.30541}
  m_LocalScale: {x: 1.0000004, y: 0.9999999, z: 1.0000002}
  m_Children:
  - {fileID: 1012622359}
  - {fileID: 1009781493}
  m_Father: {fileID: 1235700276}
  m_RootOrder: 1
  m_LocalEulerAnglesHint: {x: 0, y: 0, z: 0}
--- !u!1 &1397171852
GameObject:
  m_ObjectHideFlags: 0
  m_PrefabParentObject: {fileID: 100060, guid: 675cdc99b38296b4ab59fa1b907f6227, type: 2}
  m_PrefabInternal: {fileID: 800588068}
  serializedVersion: 5
  m_Component:
  - component: {fileID: 1397171853}
  m_Layer: 0
  m_Name: PT_LHdpt01
  m_TagString: Untagged
  m_Icon: {fileID: 0}
  m_NavMeshLayer: 0
  m_StaticEditorFlags: 0
  m_IsActive: 1
--- !u!4 &1397171853
Transform:
  m_ObjectHideFlags: 0
  m_PrefabParentObject: {fileID: 400060, guid: 675cdc99b38296b4ab59fa1b907f6227, type: 2}
  m_PrefabInternal: {fileID: 800588068}
  m_GameObject: {fileID: 1397171852}
  m_LocalRotation: {x: 0.0022675751, y: -0.0019265567, z: -0.006331215, w: -0.99997556}
  m_LocalPosition: {x: -0.24037725, y: -0.59510404, z: -0.014952018}
  m_LocalScale: {x: 1.0000002, y: 1.0000001, z: 1.0000001}
  m_Children:
  - {fileID: 745199174}
  m_Father: {fileID: 251752434}
  m_RootOrder: 0
  m_LocalEulerAnglesHint: {x: 0, y: 0, z: 0}
--- !u!1 &1425807248
GameObject:
  m_ObjectHideFlags: 0
  m_PrefabParentObject: {fileID: 100062, guid: 675cdc99b38296b4ab59fa1b907f6227, type: 2}
  m_PrefabInternal: {fileID: 800588068}
  serializedVersion: 5
  m_Component:
  - component: {fileID: 1425807249}
  - component: {fileID: 1425807251}
  - component: {fileID: 1425807250}
  m_Layer: 0
  m_Name: MSH_LArm
  m_TagString: Untagged
  m_Icon: {fileID: 0}
  m_NavMeshLayer: 0
  m_StaticEditorFlags: 0
  m_IsActive: 1
--- !u!4 &1425807249
Transform:
  m_ObjectHideFlags: 0
  m_PrefabParentObject: {fileID: 400062, guid: 675cdc99b38296b4ab59fa1b907f6227, type: 2}
  m_PrefabInternal: {fileID: 800588068}
  m_GameObject: {fileID: 1425807248}
  m_LocalRotation: {x: 0.70544726, y: 0.065004654, z: -0.06800004, w: -0.7024917}
  m_LocalPosition: {x: 0.088668086, y: -0.024110934, z: -0.004223291}
  m_LocalScale: {x: 1, y: 1, z: 1}
  m_Children: []
  m_Father: {fileID: 251752434}
  m_RootOrder: 1
  m_LocalEulerAnglesHint: {x: 0, y: 0, z: 0}
--- !u!23 &1425807250
MeshRenderer:
  m_ObjectHideFlags: 0
  m_PrefabParentObject: {fileID: 2300026, guid: 675cdc99b38296b4ab59fa1b907f6227,
    type: 2}
  m_PrefabInternal: {fileID: 800588068}
  m_GameObject: {fileID: 1425807248}
  m_Enabled: 1
  m_CastShadows: 1
  m_ReceiveShadows: 1
  m_DynamicOccludee: 1
  m_MotionVectors: 1
  m_LightProbeUsage: 0
  m_ReflectionProbeUsage: 1
  m_Materials:
  - {fileID: 2100000, guid: 2b4b0f89c7443c9439ed29750fbc6dac, type: 2}
  m_StaticBatchInfo:
    firstSubMesh: 0
    subMeshCount: 0
  m_StaticBatchRoot: {fileID: 0}
  m_ProbeAnchor: {fileID: 0}
  m_LightProbeVolumeOverride: {fileID: 0}
  m_ScaleInLightmap: 1
  m_PreserveUVs: 0
  m_IgnoreNormalsForChartDetection: 0
  m_ImportantGI: 0
  m_StitchLightmapSeams: 0
  m_SelectedEditorRenderState: 3
  m_MinimumChartSize: 4
  m_AutoUVMaxDistance: 0.5
  m_AutoUVMaxAngle: 89
  m_LightmapParameters: {fileID: 0}
  m_SortingLayerID: 0
  m_SortingLayer: 0
  m_SortingOrder: 0
--- !u!33 &1425807251
MeshFilter:
  m_ObjectHideFlags: 0
  m_PrefabParentObject: {fileID: 3300026, guid: 675cdc99b38296b4ab59fa1b907f6227,
    type: 2}
  m_PrefabInternal: {fileID: 800588068}
  m_GameObject: {fileID: 1425807248}
  m_Mesh: {fileID: 4300000, guid: d80305087b643514aacb6b65e382a5da, type: 3}
--- !u!1 &1487925223
GameObject:
  m_ObjectHideFlags: 0
  m_PrefabParentObject: {fileID: 100066, guid: 675cdc99b38296b4ab59fa1b907f6227, type: 2}
  m_PrefabInternal: {fileID: 800588068}
  serializedVersion: 5
  m_Component:
  - component: {fileID: 1487925224}
  m_Layer: 0
  m_Name: GUN_02
  m_TagString: Untagged
  m_Icon: {fileID: 0}
  m_NavMeshLayer: 0
  m_StaticEditorFlags: 0
  m_IsActive: 1
--- !u!4 &1487925224
Transform:
  m_ObjectHideFlags: 0
  m_PrefabParentObject: {fileID: 400066, guid: 675cdc99b38296b4ab59fa1b907f6227, type: 2}
  m_PrefabInternal: {fileID: 800588068}
  m_GameObject: {fileID: 1487925223}
  m_LocalRotation: {x: 0, y: 0, z: -0.9999583, w: -0.009134925}
  m_LocalPosition: {x: -0.0864851, y: -0.02746024, z: 0.00001197772}
  m_LocalScale: {x: 1, y: 1, z: 1}
  m_Children:
  - {fileID: 637310845}
  m_Father: {fileID: 1046265679}
  m_RootOrder: 0
  m_LocalEulerAnglesHint: {x: 0, y: 0, z: 0}
--- !u!1 &1549865518
GameObject:
  m_ObjectHideFlags: 0
  m_PrefabParentObject: {fileID: 100068, guid: 675cdc99b38296b4ab59fa1b907f6227, type: 2}
  m_PrefabInternal: {fileID: 800588068}
  serializedVersion: 5
  m_Component:
  - component: {fileID: 1549865519}
  m_Layer: 0
  m_Name: MSH_RFoot
  m_TagString: Untagged
  m_Icon: {fileID: 0}
  m_NavMeshLayer: 0
  m_StaticEditorFlags: 0
  m_IsActive: 1
--- !u!4 &1549865519
Transform:
  m_ObjectHideFlags: 0
  m_PrefabParentObject: {fileID: 400068, guid: 675cdc99b38296b4ab59fa1b907f6227, type: 2}
  m_PrefabInternal: {fileID: 800588068}
  m_GameObject: {fileID: 1549865518}
  m_LocalRotation: {x: 0.0012079886, y: -0.0016601831, z: 0.8510934, w: 0.5250103}
  m_LocalPosition: {x: -0.54785055, y: 0.27806336, z: 0.0011076545}
  m_LocalScale: {x: 1.0000001, y: 1.0000004, z: 1.0000001}
  m_Children:
  - {fileID: 1318231502}
  m_Father: {fileID: 60079359}
  m_RootOrder: 1
  m_LocalEulerAnglesHint: {x: 0, y: 0, z: 0}
--- !u!1 &1623435687
GameObject:
  m_ObjectHideFlags: 0
  m_PrefabParentObject: {fileID: 100084, guid: 675cdc99b38296b4ab59fa1b907f6227, type: 2}
  m_PrefabInternal: {fileID: 800588068}
  serializedVersion: 5
  m_Component:
  - component: {fileID: 1623435688}
  - component: {fileID: 1623435691}
  - component: {fileID: 1623435690}
  - component: {fileID: 1623435689}
  m_Layer: 0
  m_Name: FX_FlechetteGun_MuzzleFlash2
  m_TagString: Untagged
  m_Icon: {fileID: 0}
  m_NavMeshLayer: 0
  m_StaticEditorFlags: 0
  m_IsActive: 1
--- !u!4 &1623435688
Transform:
  m_ObjectHideFlags: 0
  m_PrefabParentObject: {fileID: 400084, guid: 675cdc99b38296b4ab59fa1b907f6227, type: 2}
  m_PrefabInternal: {fileID: 800588068}
  m_GameObject: {fileID: 1623435687}
  m_LocalRotation: {x: 0.000000021855694, y: 0, z: 0, w: 1}
  m_LocalPosition: {x: 0, y: 0, z: 0}
  m_LocalScale: {x: 1, y: 1, z: 1}
  m_Children: []
  m_Father: {fileID: 1830166119}
  m_RootOrder: 1
  m_LocalEulerAnglesHint: {x: 0, y: 0, z: 0}
--- !u!111 &1623435689
Animation:
  m_ObjectHideFlags: 0
  m_PrefabParentObject: {fileID: 11100014, guid: 675cdc99b38296b4ab59fa1b907f6227,
    type: 2}
  m_PrefabInternal: {fileID: 800588068}
  m_GameObject: {fileID: 1623435687}
  m_Enabled: 1
  serializedVersion: 3
  m_Animation: {fileID: 7400000, guid: 201c4b1f7faf6704b86d499842bba5d6, type: 2}
  m_Animations:
  - {fileID: 7400000, guid: 201c4b1f7faf6704b86d499842bba5d6, type: 2}
  m_WrapMode: 0
  m_PlayAutomatically: 1
  m_AnimatePhysics: 0
  m_CullingType: 1
--- !u!23 &1623435690
MeshRenderer:
  m_ObjectHideFlags: 0
  m_PrefabParentObject: {fileID: 2300018, guid: 675cdc99b38296b4ab59fa1b907f6227,
    type: 2}
  m_PrefabInternal: {fileID: 800588068}
  m_GameObject: {fileID: 1623435687}
  m_Enabled: 1
  m_CastShadows: 1
  m_ReceiveShadows: 1
  m_DynamicOccludee: 1
  m_MotionVectors: 1
  m_LightProbeUsage: 0
  m_ReflectionProbeUsage: 1
  m_Materials:
  - {fileID: 2100000, guid: f5f17e7396d7c904a85d2164c0236ee9, type: 2}
  m_StaticBatchInfo:
    firstSubMesh: 0
    subMeshCount: 0
  m_StaticBatchRoot: {fileID: 0}
  m_ProbeAnchor: {fileID: 0}
  m_LightProbeVolumeOverride: {fileID: 0}
  m_ScaleInLightmap: 1
  m_PreserveUVs: 0
  m_IgnoreNormalsForChartDetection: 0
  m_ImportantGI: 0
  m_StitchLightmapSeams: 0
  m_SelectedEditorRenderState: 3
  m_MinimumChartSize: 4
  m_AutoUVMaxDistance: 0.5
  m_AutoUVMaxAngle: 89
  m_LightmapParameters: {fileID: 0}
  m_SortingLayerID: 0
  m_SortingLayer: 0
  m_SortingOrder: 0
--- !u!33 &1623435691
MeshFilter:
  m_ObjectHideFlags: 0
  m_PrefabParentObject: {fileID: 3300018, guid: 675cdc99b38296b4ab59fa1b907f6227,
    type: 2}
  m_PrefabInternal: {fileID: 800588068}
  m_GameObject: {fileID: 1623435687}
  m_Mesh: {fileID: 4300000, guid: a766669f5777a4a47bf783ebf283e8ed, type: 3}
--- !u!1 &1646232973
GameObject:
  m_ObjectHideFlags: 0
  m_PrefabParentObject: {fileID: 100070, guid: 675cdc99b38296b4ab59fa1b907f6227, type: 2}
  m_PrefabInternal: {fileID: 800588068}
  serializedVersion: 5
  m_Component:
  - component: {fileID: 1646232974}
  m_Layer: 0
  m_Name: MSH_RArm
  m_TagString: Untagged
  m_Icon: {fileID: 0}
  m_NavMeshLayer: 0
  m_StaticEditorFlags: 0
  m_IsActive: 1
--- !u!4 &1646232974
Transform:
  m_ObjectHideFlags: 0
  m_PrefabParentObject: {fileID: 400070, guid: 675cdc99b38296b4ab59fa1b907f6227, type: 2}
  m_PrefabInternal: {fileID: 800588068}
  m_GameObject: {fileID: 1646232973}
  m_LocalRotation: {x: 0.57922554, y: 0.40558296, z: -0.40558338, w: 0.57922566}
  m_LocalPosition: {x: -0.5239882, y: 0.0441161, z: 0.46706134}
  m_LocalScale: {x: 0.99999994, y: 0.99999994, z: 1}
  m_Children:
  - {fileID: 1046265679}
  - {fileID: 991136872}
  m_Father: {fileID: 7443926}
  m_RootOrder: 3
  m_LocalEulerAnglesHint: {x: 0, y: 0, z: 0}
--- !u!1 &1694054250
GameObject:
  m_ObjectHideFlags: 0
  m_PrefabParentObject: {fileID: 100072, guid: 675cdc99b38296b4ab59fa1b907f6227, type: 2}
  m_PrefabInternal: {fileID: 800588068}
  serializedVersion: 5
  m_Component:
  - component: {fileID: 1694054251}
  - component: {fileID: 1694054254}
  - component: {fileID: 1694054253}
  - component: {fileID: 1694054252}
  m_Layer: 0
  m_Name: _RHip
  m_TagString: Untagged
  m_Icon: {fileID: 0}
  m_NavMeshLayer: 0
  m_StaticEditorFlags: 0
  m_IsActive: 1
--- !u!4 &1694054251
Transform:
  m_ObjectHideFlags: 0
  m_PrefabParentObject: {fileID: 400072, guid: 675cdc99b38296b4ab59fa1b907f6227, type: 2}
  m_PrefabInternal: {fileID: 800588068}
  m_GameObject: {fileID: 1694054250}
  m_LocalRotation: {x: -0.7066482, y: -0.023405679, z: -0.7067475, w: 0.024671087}
  m_LocalPosition: {x: 0.16525452, y: 0.025742985, z: 0.0059880163}
  m_LocalScale: {x: 1, y: 1, z: 1}
  m_Children: []
  m_Father: {fileID: 1922847648}
  m_RootOrder: 0
  m_LocalEulerAnglesHint: {x: 0, y: 0, z: 0}
--- !u!64 &1694054252
MeshCollider:
  m_ObjectHideFlags: 0
  m_PrefabParentObject: {fileID: 6400010, guid: 675cdc99b38296b4ab59fa1b907f6227,
    type: 2}
  m_PrefabInternal: {fileID: 800588068}
  m_GameObject: {fileID: 1694054250}
  m_Material: {fileID: 0}
  m_IsTrigger: 0
  m_Enabled: 1
  serializedVersion: 3
  m_Convex: 0
  m_CookingOptions: 14
  m_SkinWidth: 0.01
  m_Mesh: {fileID: 4300010, guid: b5e1ebab71c41494989ad1a602fc25ad, type: 3}
--- !u!23 &1694054253
MeshRenderer:
  m_ObjectHideFlags: 0
  m_PrefabParentObject: {fileID: 2300028, guid: 675cdc99b38296b4ab59fa1b907f6227,
    type: 2}
  m_PrefabInternal: {fileID: 800588068}
  m_GameObject: {fileID: 1694054250}
  m_Enabled: 1
  m_CastShadows: 1
  m_ReceiveShadows: 1
  m_DynamicOccludee: 1
  m_MotionVectors: 1
  m_LightProbeUsage: 0
  m_ReflectionProbeUsage: 1
  m_Materials:
  - {fileID: 2100000, guid: d60fc53f96e48d54190f717fa51e17bc, type: 2}
  m_StaticBatchInfo:
    firstSubMesh: 0
    subMeshCount: 0
  m_StaticBatchRoot: {fileID: 0}
  m_ProbeAnchor: {fileID: 0}
  m_LightProbeVolumeOverride: {fileID: 0}
  m_ScaleInLightmap: 1
  m_PreserveUVs: 0
  m_IgnoreNormalsForChartDetection: 0
  m_ImportantGI: 0
  m_StitchLightmapSeams: 0
  m_SelectedEditorRenderState: 3
  m_MinimumChartSize: 4
  m_AutoUVMaxDistance: 0.5
  m_AutoUVMaxAngle: 89
  m_LightmapParameters: {fileID: 0}
  m_SortingLayerID: 0
  m_SortingLayer: 0
  m_SortingOrder: 0
--- !u!33 &1694054254
MeshFilter:
  m_ObjectHideFlags: 0
  m_PrefabParentObject: {fileID: 3300028, guid: 675cdc99b38296b4ab59fa1b907f6227,
    type: 2}
  m_PrefabInternal: {fileID: 800588068}
  m_GameObject: {fileID: 1694054250}
  m_Mesh: {fileID: 4300010, guid: b5e1ebab71c41494989ad1a602fc25ad, type: 3}
--- !u!1 &1702368704
GameObject:
  m_ObjectHideFlags: 0
  m_PrefabParentObject: {fileID: 100074, guid: 675cdc99b38296b4ab59fa1b907f6227, type: 2}
  m_PrefabInternal: {fileID: 800588068}
  serializedVersion: 5
  m_Component:
  - component: {fileID: 1702368705}
  - component: {fileID: 1702368707}
  - component: {fileID: 1702368706}
  m_Layer: 0
  m_Name: gun_01
  m_TagString: Untagged
  m_Icon: {fileID: 0}
  m_NavMeshLayer: 0
  m_StaticEditorFlags: 0
  m_IsActive: 1
--- !u!4 &1702368705
Transform:
  m_ObjectHideFlags: 0
  m_PrefabParentObject: {fileID: 400074, guid: 675cdc99b38296b4ab59fa1b907f6227, type: 2}
  m_PrefabInternal: {fileID: 800588068}
  m_GameObject: {fileID: 1702368704}
  m_LocalRotation: {x: -0.7071068, y: 0, z: 0, w: 0.7071068}
  m_LocalPosition: {x: 0, y: 0, z: 0}
  m_LocalScale: {x: 1, y: 1, z: 1}
  m_Children:
  - {fileID: 746487907}
  m_Father: {fileID: 637310845}
  m_RootOrder: 0
  m_LocalEulerAnglesHint: {x: 0, y: 0, z: 0}
--- !u!23 &1702368706
MeshRenderer:
  m_ObjectHideFlags: 0
  m_PrefabParentObject: {fileID: 2300030, guid: 675cdc99b38296b4ab59fa1b907f6227,
    type: 2}
  m_PrefabInternal: {fileID: 800588068}
  m_GameObject: {fileID: 1702368704}
  m_Enabled: 1
  m_CastShadows: 1
  m_ReceiveShadows: 1
  m_DynamicOccludee: 1
  m_MotionVectors: 1
  m_LightProbeUsage: 0
  m_ReflectionProbeUsage: 1
  m_Materials:
  - {fileID: 2100000, guid: 654c5d1f4ca03134a80ff73169b0e594, type: 2}
  m_StaticBatchInfo:
    firstSubMesh: 0
    subMeshCount: 0
  m_StaticBatchRoot: {fileID: 0}
  m_ProbeAnchor: {fileID: 0}
  m_LightProbeVolumeOverride: {fileID: 0}
  m_ScaleInLightmap: 1
  m_PreserveUVs: 0
  m_IgnoreNormalsForChartDetection: 0
  m_ImportantGI: 0
  m_StitchLightmapSeams: 0
  m_SelectedEditorRenderState: 3
  m_MinimumChartSize: 4
  m_AutoUVMaxDistance: 0.5
  m_AutoUVMaxAngle: 89
  m_LightmapParameters: {fileID: 0}
  m_SortingLayerID: 0
  m_SortingLayer: 0
  m_SortingOrder: 0
--- !u!33 &1702368707
MeshFilter:
  m_ObjectHideFlags: 0
  m_PrefabParentObject: {fileID: 3300030, guid: 675cdc99b38296b4ab59fa1b907f6227,
    type: 2}
  m_PrefabInternal: {fileID: 800588068}
  m_GameObject: {fileID: 1702368704}
  m_Mesh: {fileID: 4300000, guid: 48de80589d2e6bc4999cc9f86f319952, type: 3}
--- !u!1 &1761931691
GameObject:
  m_ObjectHideFlags: 0
  m_PrefabParentObject: {fileID: 100076, guid: 675cdc99b38296b4ab59fa1b907f6227, type: 2}
  m_PrefabInternal: {fileID: 800588068}
  serializedVersion: 5
  m_Component:
  - component: {fileID: 1761931692}
  m_Layer: 0
  m_Name: PT_CHSHdpt
  m_TagString: Untagged
  m_Icon: {fileID: 0}
  m_NavMeshLayer: 0
  m_StaticEditorFlags: 0
  m_IsActive: 1
--- !u!4 &1761931692
Transform:
  m_ObjectHideFlags: 0
  m_PrefabParentObject: {fileID: 400076, guid: 675cdc99b38296b4ab59fa1b907f6227, type: 2}
  m_PrefabInternal: {fileID: 800588068}
  m_GameObject: {fileID: 1761931691}
  m_LocalRotation: {x: -0.49999982, y: -0.5000002, z: -0.49999982, w: 0.5000002}
  m_LocalPosition: {x: 0.0030367374, y: 0, z: 0}
  m_LocalScale: {x: 1.0000001, y: 1.0000002, z: 0.9999999}
  m_Children:
  - {fileID: 929135204}
  m_Father: {fileID: 1235700276}
  m_RootOrder: 3
  m_LocalEulerAnglesHint: {x: 0, y: 0, z: 0}
--- !u!1 &1762384742
GameObject:
  m_ObjectHideFlags: 0
  m_PrefabParentObject: {fileID: 100064, guid: 675cdc99b38296b4ab59fa1b907f6227, type: 2}
  m_PrefabInternal: {fileID: 800588068}
  serializedVersion: 5
  m_Component:
  - component: {fileID: 1762384743}
  - component: {fileID: 1762384746}
  - component: {fileID: 1762384745}
  - component: {fileID: 1762384744}
  m_Layer: 1
  m_Name: FX_Autocannon_MuzzleFlash
  m_TagString: Untagged
  m_Icon: {fileID: 0}
  m_NavMeshLayer: 0
  m_StaticEditorFlags: 0
  m_IsActive: 1
--- !u!4 &1762384743
Transform:
  m_ObjectHideFlags: 0
  m_PrefabParentObject: {fileID: 400064, guid: 675cdc99b38296b4ab59fa1b907f6227, type: 2}
  m_PrefabInternal: {fileID: 800588068}
  m_GameObject: {fileID: 1762384742}
  m_LocalRotation: {x: 0.0000005326322, y: 0, z: 0, w: 1}
  m_LocalPosition: {x: 0, y: 0, z: 0}
  m_LocalScale: {x: 1, y: 1, z: 1}
  m_Children: []
  m_Father: {fileID: 1830166119}
  m_RootOrder: 0
  m_LocalEulerAnglesHint: {x: 0, y: 0, z: 0}
--- !u!111 &1762384744
Animation:
  m_ObjectHideFlags: 0
  m_PrefabParentObject: {fileID: 11100008, guid: 675cdc99b38296b4ab59fa1b907f6227,
    type: 2}
  m_PrefabInternal: {fileID: 800588068}
  m_GameObject: {fileID: 1762384742}
  m_Enabled: 1
  serializedVersion: 3
  m_Animation: {fileID: 7400000, guid: ffe6b886fd87d0e4bb6c686dd0c90344, type: 2}
  m_Animations:
  - {fileID: 7400000, guid: ffe6b886fd87d0e4bb6c686dd0c90344, type: 2}
  m_WrapMode: 0
  m_PlayAutomatically: 1
  m_AnimatePhysics: 0
  m_CullingType: 1
--- !u!23 &1762384745
MeshRenderer:
  m_ObjectHideFlags: 0
  m_PrefabParentObject: {fileID: 2300004, guid: 675cdc99b38296b4ab59fa1b907f6227,
    type: 2}
  m_PrefabInternal: {fileID: 800588068}
  m_GameObject: {fileID: 1762384742}
  m_Enabled: 1
  m_CastShadows: 1
  m_ReceiveShadows: 1
  m_DynamicOccludee: 1
  m_MotionVectors: 1
  m_LightProbeUsage: 0
  m_ReflectionProbeUsage: 1
  m_Materials:
  - {fileID: 2100000, guid: 413ab44aa184b754d99685d86ad347cc, type: 2}
  m_StaticBatchInfo:
    firstSubMesh: 0
    subMeshCount: 0
  m_StaticBatchRoot: {fileID: 0}
  m_ProbeAnchor: {fileID: 0}
  m_LightProbeVolumeOverride: {fileID: 0}
  m_ScaleInLightmap: 1
  m_PreserveUVs: 0
  m_IgnoreNormalsForChartDetection: 0
  m_ImportantGI: 0
  m_StitchLightmapSeams: 0
  m_SelectedEditorRenderState: 3
  m_MinimumChartSize: 4
  m_AutoUVMaxDistance: 0.5
  m_AutoUVMaxAngle: 89
  m_LightmapParameters: {fileID: 0}
  m_SortingLayerID: 0
  m_SortingLayer: 0
  m_SortingOrder: 0
--- !u!33 &1762384746
MeshFilter:
  m_ObjectHideFlags: 0
  m_PrefabParentObject: {fileID: 3300004, guid: 675cdc99b38296b4ab59fa1b907f6227,
    type: 2}
  m_PrefabInternal: {fileID: 800588068}
  m_GameObject: {fileID: 1762384742}
  m_Mesh: {fileID: 4300000, guid: ee2bf63b39fb7284fbf8eb9d745182f2, type: 3}
--- !u!1 &1809668588
GameObject:
  m_ObjectHideFlags: 0
  m_PrefabParentObject: {fileID: 100078, guid: 675cdc99b38296b4ab59fa1b907f6227, type: 2}
  m_PrefabInternal: {fileID: 800588068}
  serializedVersion: 5
  m_Component:
  - component: {fileID: 1809668589}
  - component: {fileID: 1809668591}
  - component: {fileID: 1809668590}
  m_Layer: 0
  m_Name: MSH_Spine01
  m_TagString: Untagged
  m_Icon: {fileID: 0}
  m_NavMeshLayer: 0
  m_StaticEditorFlags: 0
  m_IsActive: 1
--- !u!4 &1809668589
Transform:
  m_ObjectHideFlags: 0
  m_PrefabParentObject: {fileID: 400078, guid: 675cdc99b38296b4ab59fa1b907f6227, type: 2}
  m_PrefabInternal: {fileID: 800588068}
  m_GameObject: {fileID: 1809668588}
  m_LocalRotation: {x: -0.000000019670397, y: 0.7071068, z: 0.000000019670397, w: -0.7071068}
  m_LocalPosition: {x: 0.088073544, y: 0, z: 0}
  m_LocalScale: {x: 1, y: 1, z: 1}
  m_Children: []
  m_Father: {fileID: 7443926}
  m_RootOrder: 5
  m_LocalEulerAnglesHint: {x: 0, y: 0, z: 0}
--- !u!23 &1809668590
MeshRenderer:
  m_ObjectHideFlags: 0
  m_PrefabParentObject: {fileID: 2300032, guid: 675cdc99b38296b4ab59fa1b907f6227,
    type: 2}
  m_PrefabInternal: {fileID: 800588068}
  m_GameObject: {fileID: 1809668588}
  m_Enabled: 1
  m_CastShadows: 1
  m_ReceiveShadows: 1
  m_DynamicOccludee: 1
  m_MotionVectors: 1
  m_LightProbeUsage: 0
  m_ReflectionProbeUsage: 1
  m_Materials:
  - {fileID: 2100000, guid: 2b4b0f89c7443c9439ed29750fbc6dac, type: 2}
  m_StaticBatchInfo:
    firstSubMesh: 0
    subMeshCount: 0
  m_StaticBatchRoot: {fileID: 0}
  m_ProbeAnchor: {fileID: 0}
  m_LightProbeVolumeOverride: {fileID: 0}
  m_ScaleInLightmap: 1
  m_PreserveUVs: 0
  m_IgnoreNormalsForChartDetection: 0
  m_ImportantGI: 0
  m_StitchLightmapSeams: 0
  m_SelectedEditorRenderState: 3
  m_MinimumChartSize: 4
  m_AutoUVMaxDistance: 0.5
  m_AutoUVMaxAngle: 89
  m_LightmapParameters: {fileID: 0}
  m_SortingLayerID: 0
  m_SortingLayer: 0
  m_SortingOrder: 0
--- !u!33 &1809668591
MeshFilter:
  m_ObjectHideFlags: 0
  m_PrefabParentObject: {fileID: 3300032, guid: 675cdc99b38296b4ab59fa1b907f6227,
    type: 2}
  m_PrefabInternal: {fileID: 800588068}
  m_GameObject: {fileID: 1809668588}
  m_Mesh: {fileID: 4300004, guid: d80305087b643514aacb6b65e382a5da, type: 3}
--- !u!1 &1830166118
GameObject:
  m_ObjectHideFlags: 0
  m_PrefabParentObject: {fileID: 100048, guid: 675cdc99b38296b4ab59fa1b907f6227, type: 2}
  m_PrefabInternal: {fileID: 800588068}
  serializedVersion: 5
  m_Component:
  - component: {fileID: 1830166119}
  m_Layer: 0
  m_Name: Shot_01
  m_TagString: Untagged
  m_Icon: {fileID: 0}
  m_NavMeshLayer: 0
  m_StaticEditorFlags: 0
  m_IsActive: 1
--- !u!4 &1830166119
Transform:
  m_ObjectHideFlags: 0
  m_PrefabParentObject: {fileID: 400048, guid: 675cdc99b38296b4ab59fa1b907f6227, type: 2}
  m_PrefabInternal: {fileID: 800588068}
  m_GameObject: {fileID: 1830166118}
  m_LocalRotation: {x: 0.6995342, y: 0, z: 0, w: 0.7145992}
  m_LocalPosition: {x: 0, y: -0.9810704, z: 0.0015004426}
  m_LocalScale: {x: 0.36, y: 0.36, z: 0.36}
  m_Children:
  - {fileID: 1762384743}
  - {fileID: 1623435688}
  m_Father: {fileID: 512289742}
  m_RootOrder: 0
  m_LocalEulerAnglesHint: {x: 0, y: 0, z: 0}
--- !u!1 &1922847647
GameObject:
  m_ObjectHideFlags: 0
  m_PrefabParentObject: {fileID: 100080, guid: 675cdc99b38296b4ab59fa1b907f6227, type: 2}
  m_PrefabInternal: {fileID: 800588068}
  serializedVersion: 5
  m_Component:
  - component: {fileID: 1922847648}
  m_Layer: 0
  m_Name: MSH_RHip
  m_TagString: Untagged
  m_Icon: {fileID: 0}
  m_NavMeshLayer: 0
  m_StaticEditorFlags: 0
  m_IsActive: 1
--- !u!4 &1922847648
Transform:
  m_ObjectHideFlags: 0
  m_PrefabParentObject: {fileID: 400080, guid: 675cdc99b38296b4ab59fa1b907f6227, type: 2}
  m_PrefabInternal: {fileID: 800588068}
  m_GameObject: {fileID: 1922847647}
  m_LocalRotation: {x: -0.0008955154, y: 0.00007095449, z: -0.033995435, w: 0.9994216}
  m_LocalPosition: {x: -0.21003143, y: -0.009172089, z: 0.3054146}
  m_LocalScale: {x: 0.9999999, y: 0.99999964, z: 0.99999994}
  m_Children:
  - {fileID: 1694054251}
  - {fileID: 60079359}
  m_Father: {fileID: 1235700276}
  m_RootOrder: 2
  m_LocalEulerAnglesHint: {x: 0, y: 0, z: 0}
--- !u!1 &1937367406
GameObject:
  m_ObjectHideFlags: 0
  m_PrefabParentObject: {fileID: 100002, guid: 675cdc99b38296b4ab59fa1b907f6227, type: 2}
  m_PrefabInternal: {fileID: 800588068}
  serializedVersion: 5
  m_Component:
  - component: {fileID: 1937367407}
  m_Layer: 0
  m_Name: Shot_01
  m_TagString: Untagged
  m_Icon: {fileID: 0}
  m_NavMeshLayer: 0
  m_StaticEditorFlags: 0
  m_IsActive: 1
--- !u!4 &1937367407
Transform:
  m_ObjectHideFlags: 0
  m_PrefabParentObject: {fileID: 400002, guid: 675cdc99b38296b4ab59fa1b907f6227, type: 2}
  m_PrefabInternal: {fileID: 800588068}
  m_GameObject: {fileID: 1937367406}
  m_LocalRotation: {x: 0.6995342, y: 0, z: 0, w: 0.7145992}
  m_LocalPosition: {x: 0, y: -0.9810704, z: 0.0015004426}
  m_LocalScale: {x: 0.36, y: 0.36, z: 0.36}
  m_Children:
  - {fileID: 706160586}
  - {fileID: 622329834}
  m_Father: {fileID: 746487907}
  m_RootOrder: 0
  m_LocalEulerAnglesHint: {x: 0, y: 0, z: 0}
--- !u!1 &2097971865
GameObject:
  m_ObjectHideFlags: 0
  m_PrefabParentObject: {fileID: 100082, guid: 675cdc99b38296b4ab59fa1b907f6227, type: 2}
  m_PrefabInternal: {fileID: 800588068}
  serializedVersion: 5
  m_Component:
  - component: {fileID: 2097971866}
  - component: {fileID: 2097971869}
  - component: {fileID: 2097971868}
  - component: {fileID: 2097971867}
  m_Layer: 0
  m_Name: _LKnee
  m_TagString: Untagged
  m_Icon: {fileID: 0}
  m_NavMeshLayer: 0
  m_StaticEditorFlags: 0
  m_IsActive: 1
--- !u!4 &2097971866
Transform:
  m_ObjectHideFlags: 0
  m_PrefabParentObject: {fileID: 400082, guid: 675cdc99b38296b4ab59fa1b907f6227, type: 2}
  m_PrefabInternal: {fileID: 800588068}
  m_GameObject: {fileID: 2097971865}
  m_LocalRotation: {x: 0.007580466, y: -0.7070924, z: -0.0044120913, w: -0.70706683}
  m_LocalPosition: {x: 0.08709372, y: -0.01194466, z: 0.0010118019}
  m_LocalScale: {x: 1, y: 1, z: 1}
  m_Children: []
  m_Father: {fileID: 1009781493}
  m_RootOrder: 0
  m_LocalEulerAnglesHint: {x: 0, y: 0, z: 0}
--- !u!64 &2097971867
MeshCollider:
  m_ObjectHideFlags: 0
  m_PrefabParentObject: {fileID: 6400012, guid: 675cdc99b38296b4ab59fa1b907f6227,
    type: 2}
  m_PrefabInternal: {fileID: 800588068}
  m_GameObject: {fileID: 2097971865}
  m_Material: {fileID: 0}
  m_IsTrigger: 0
  m_Enabled: 1
  serializedVersion: 3
  m_Convex: 0
  m_CookingOptions: 14
  m_SkinWidth: 0.01
  m_Mesh: {fileID: 4300004, guid: b5e1ebab71c41494989ad1a602fc25ad, type: 3}
--- !u!23 &2097971868
MeshRenderer:
  m_ObjectHideFlags: 0
  m_PrefabParentObject: {fileID: 2300034, guid: 675cdc99b38296b4ab59fa1b907f6227,
    type: 2}
  m_PrefabInternal: {fileID: 800588068}
  m_GameObject: {fileID: 2097971865}
  m_Enabled: 1
  m_CastShadows: 1
  m_ReceiveShadows: 1
  m_DynamicOccludee: 1
  m_MotionVectors: 1
  m_LightProbeUsage: 0
  m_ReflectionProbeUsage: 1
  m_Materials:
  - {fileID: 2100000, guid: d60fc53f96e48d54190f717fa51e17bc, type: 2}
  m_StaticBatchInfo:
    firstSubMesh: 0
    subMeshCount: 0
  m_StaticBatchRoot: {fileID: 0}
  m_ProbeAnchor: {fileID: 0}
  m_LightProbeVolumeOverride: {fileID: 0}
  m_ScaleInLightmap: 1
  m_PreserveUVs: 0
  m_IgnoreNormalsForChartDetection: 0
  m_ImportantGI: 0
  m_StitchLightmapSeams: 0
  m_SelectedEditorRenderState: 3
  m_MinimumChartSize: 4
  m_AutoUVMaxDistance: 0.5
  m_AutoUVMaxAngle: 89
  m_LightmapParameters: {fileID: 0}
  m_SortingLayerID: 0
  m_SortingLayer: 0
  m_SortingOrder: 0
--- !u!33 &2097971869
MeshFilter:
  m_ObjectHideFlags: 0
  m_PrefabParentObject: {fileID: 3300034, guid: 675cdc99b38296b4ab59fa1b907f6227,
    type: 2}
  m_PrefabInternal: {fileID: 800588068}
  m_GameObject: {fileID: 2097971865}
  m_Mesh: {fileID: 4300004, guid: b5e1ebab71c41494989ad1a602fc25ad, type: 3}
